3030 5294
661 149 1058 218 raouauouuuu
1108 184 1111 188 ›
1349 123 1425 227 'nx

300 351 425 418 οί’·λίίοι
453 352 491 419 ὢν
518 351 590 419 οὕτω
605 407 607 410 ⁴
620 378 658 432 νε
684 362 715 420 et
736 356 760 420 οί
784 352 868 437 νέκροι
891 355 1141 434 εὐδαιμονέστατοι
1164 363 1282 436 esseut3
1306 357 1423 424 Socrati

300 455 390 544 porro
411 461 599 544 comparanti
620 461 670 526 τὸν
692 461 853 536 νδπλὴοτωο
874 461 983 542 ἔχοντα
1006 460 1068 538 βίον
1089 463 1130 542 τῷ
1149 467 1204 527 τῶν
1223 463 1424 545 φοροίντωνέν

296 561 396 628 Ἅιδου
419 564 459 636 είς
481 564 529 628 τὸν
552 566 720 646 τετρημένον
744 567 819 631 πίίον
844 565 913 646 ὕδωρ
937 566 997 630 fere
1021 546 1225 632 concedit‘ru
1245 567 1358 647 κίομιων
1372 573 1423 635 τοῦ

300 666 463 735 tomara
486 692 550 735 csse
572 671 817 750 εὐδαιμονέστερον
850 709 894 720 -
916 675 981 736 498
1001 672 1048 736 D:
1069 673 1233 737 conferenti
1256 680 1357 739 autem
1375 675 1424 740 τὸν

300 773 414 852 ια’τμιον
434 775 499 840 siva
520 775 652 857 σώφρονα
673 779 714 858 τῷ
737 776 950 858 πληρωταμένω
972 778 1037 849 τοὺς
1060 775 1155 850 πίίοως
1175 778 1301 861 ἡσυχίαν
1325 777 1422 860 ἔχοντι

300 880 461 964 respondet
490 882 531 961 τῷ
560 883 775 962 πληρωωαμένιρ
797 881 890 946 οὐκέτ’
912 883 988 948 έττιν
1010 882 1089 958 ἡδονὴ
1111 883 1230 959 οὐδεμία
1254 885 1331 960 μὴτε
1353 882 1423 966 χαί·

300 1007 370 1065 ροντι
392 986 435 1051 ἔτι
457 987 533 1064 μὴτε
555 987 740 1066 λυπουμένῳ,
765 987 816 1052 sed
839 987 873 1052 τὸ
896 987 980 1062 ἡδέως
1002 987 1052 1068 ζὴν
1071 995 1116 1053 ost
1136 989 1164 1054 έν
1182 992 1221 1067 τῷ
1237 991 1423 1062 ὥςπλεῖττον

301 1091 426 1172 ἐπιρρεῖν.
468 1090 604 1156 Socrates
635 1113 717 1157 nanc
746 1092 851 1157 acerbe
874 1093 900 1157 ei
923 1094 1041 1176 reponit
1063 1094 1217 1174 χαραδρίοω
1241 1094 1303 1172 βίον
1325 1095 1422 1172 λέγεις

301 1198 331 1260 οὐ
358 1198 451 1273 altro,
487 1218 555 1261 cum
587 1196 630 1262 sic
660 1218 767 1280 magna
797 1198 871 1261 liant
902 1219 1022 1262 neccsse
1052 1199 1091 1261 sit
1121 1199 1161 1264 τοὶ
1189 1200 1327 1276 τρήματα
1354 1204 1422 1272 ταῖς

301 1302 407 1380 ἕκροαῖς
433 1338 472 1350 --
498 1305 564 1365 494
587 1302 623 1367 B.
656 1301 796 1368 Callicles
820 1311 918 1366 tamen
943 1291 1042 1387 pergit
1065 1302 1262 1377 contendere,
1286 1303 1421 1381 εὐδαιμω·

301 1406 360 1471 νίαν
391 1428 456 1471 esso
484 1407 516 1472 τὸ
546 1407 655 1488 ἔχοντα
684 1410 739 1479 τοὶς
769 1409 921 1486 antece<
944 1407 1226 1488 δύνασθαι“πλνροῦν
1251 1431 1295 1472 ex.
1319 1429 1364 1493 gr.
1387 1409 1421 1474 τδ

301 1521 395 1588 πεινὴν
426 1511 476 1578 καί
506 1520 647 1605 πεινῶντα
679 1514 792 1592 ratim,
817 1513 929 1598 quibus
951 1513 1087 1578 Socrates
1111 1514 1246 1597 suggerit
1268 1513 1351 1578 istud
1374 1513 1421 1578 illi

301 1617 397 1681 simile
419 1616 452 1682 τὸ
473 1625 630 1693 κνντιωντα
653 1618 782 1702 οἱφίίνως
809 1618 888 1699 ἔχειν
903 1623 954 1684 τοῦ
970 1619 1103 1700 κνὴαίαι,
1124 1625 1157 1681 ut
1176 1626 1316 1703 appareat
1328 1640 1420 1704 quam

301 1720 374 1785 falsa
396 1722 436 1785 sit
459 1722 553 1787 thesis
576 1723 666 1788 haec:
690 1723 738 1789 τδν
761 1726 902 1803 χαίροντα
924 1722 999 1795 ὅπως
1018 1722 1054 1788 ἃν
1071 1717 1418 1806 χαίρρεύδαίμονωείναι.

305 1824 404 1905 Quare
427 1827 594 1893 secuudum
618 1826 699 1892 Socr.
725 1828 927 1893 definiendum
946 1829 1039 1893 ὁποῖαι
1059 1834 1114 1894 τῶν
1129 1827 1230 1903 ἡδονῶν
1246 1827 1419 1905 ἡμαδαίκαί

302 1931 391 1996 κακαί
410 1967 455 1981 -
475 1935 549 1995 499.
580 1932 662 1996 Petit
685 1933 778 2016 igitur
798 1934 978 2017 placitorum
994 1934 1101 1997 horum
1118 1932 1221 1996 falsam
1240 1933 1419 2016 hypothesin

304 2035 338 2100 ab
361 2036 539 2103 adversariis
559 2045 705 2123 arreptam
722 2037 755 2103 τὸ
771 2039 820 2114 ἡδὺ
839 2067 871 2092 ==
892 2037 1259 2117 catacumbarum:
1272 2037 1307 2102 τὸ
1318 2037 1418 2118 κακὸν,

302 2142 466 2206 secundum
484 2158 574 2228 qnam
590 2165 694 2207 omnes
710 2143 833 2207 omnino
851 2143 942 2217 ἡδοναί
957 2173 989 2199 =
1000 2144 1119 2224 arata,
1132 2149 1225 2207 λῦπαι
1237 2172 1269 2198 --
1281 2142 1360 2208 κακοί
1375 2179 1419 2194 --

303 2250 361 2310 495
394 2246 428 2310 Β.
467 2247 683 2311 contumacem
716 2247 836 2311 taudem
869 2248 966 2323 λίνοις
991 2247 1189 2331 aggreditur.'
1212 2246 1302 2311 Redit
1325 2247 1419 2331 igitur

303 2371 381 2415 nuuc
404 2351 441 2415 ad
465 2373 520 2428 εκ,
539 2375 616 2436 quae
633 2351 771 2416 Callicles
791 2352 906 2416 dixerat
926 2353 959 2416 in
978 2354 1041 2415 490
1063 2351 1195 2416 0-491
1213 2352 1284 2417 Βτὸ
1294 2352 1420 2430 βελτίων

188 2446 192 2455 ’
301 2463 328 2518 et
348 2454 482 2533 κρείττων
504 2486 535 2512 =
559 2457 693 2539 φρίνιμος
716 2460 760 2539 (=
782 2459 959 2538 ε’πιωτὴμων)
987 2466 1017 2521 et
1039 2459 1179 2536 ἀνδρεῖος,
1201 2465 1292 2542 atque
1311 2459 1354 2521 sic
1372 2479 1418 2522 or·

300 2560 380 2626 ditur
403 2563 702 2647 argumentationem
715 2563 811 2647 (quod
834 2563 868 2626 fit
890 2561 1323 2647 interrogando):.secundum
1350 2561 1417 2627 Cal·

302 2665 398 2731 liclem
429 2667 480 2742 ἡδὺ
511 2677 540 2732 et
571 2667 680 2745 aaran
711 2677 757 2732 est
785 2668 891 2734 τωύτὸν
915 2670 992 2752 (495
1017 2668 1075 2750 Α),
1100 2689 1188 2751 porro
1210 2668 1356 2744 έπιττὴμν
1387 2677 1418 2732 et

298 2874 386 2958 ἕτερον
408 2887 453 2941 est
476 2878 589 2958 ἡδονῆς,
614 2885 778 2961 utrumque
800 2880 940 2950 οὶλλὴλοιν
963 2887 993 2941 et
1015 2876 1184 2941 necessario
1207 2877 1295 2940 etiam
1319 2878 1415 2952 τᾶνω·

298 2982 350 3048 tot-
374 2979 484 3061 ἕτερον,
512 2983 532 3047 i.
556 3006 579 3046 e
615 2985 643 3046 A
666 3011 699 3037 =
721 2983 764 3060 B,
800 3004 877 3067 quae
908 2983 1003 3066 igitur
1036 3004 1097 3046 non
1120 2984 1223 3066 -A,
1251 3003 1288 3045 ea
1316 3003 1415 3067 neque

298 3115 328 3141 =
349 3086 383 3154 Β.
423 3086 562 3152 Callicles
586 3082 657 3151 'non
687 3088 893 3152 convincitur:
925 3086 1062 3152 Socrates
1092 3087 1188 3170 igitur
1218 3086 1295 3149 hanc
1328 3108 1415 3170 argu·

297 3193 509 3256 mentatiouem
536 3193 687 3269 institnit,
720 3196 737 3267 ἡ
766 3192 931 3269 εὐδαιμονία
954 3199 984 3255 et
1007 3191 1195 3273 stellatione,
1219 3191 1260 3256 τοὶ
1281 3192 1361 3256 κακοὶ
1384 3201 1413 3255 et

296 3297 414 3373 τείναίοὶ
444 3318 505 3361 nou
529 3297 619 3362 simul
642 3297 752 3363 adsunt
779 3334 819 3346 -
849 3299 930 3374 496,
959 3301 1015 3362 τῶν
1034 3306 1134 3360 tamen
1153 3303 1294 3361 πεινῶντα
1316 3296 1414 3362 ἐσίίειν

296 3403 376 3486 prius
400 3405 477 3486 (494
500 3403 539 3485 Β)
563 3403 596 3467 τδ
620 3409 760 3468 πεινῶντα
783 3411 828 3466 est
851 3433 884 3458 =
905 3401 1025 3481 οδνιαρίν
1038 3403 1082 3484 (ι-
1097 3400 1366 3480 κακδν),τὸέπίίειν
1380 3435 1426 3491 =¹

296 3507 343 3581 ἡδὺ
361 3511 405 3589 (--·
424 3509 561 3592 acutat),
578 3516 608 3572 et
625 3515 788 3592 utrumque
805 3507 895 3572 simul
913 3506 1014 3585 adest,
1031 3515 1121 3591 atque
1141 3506 1184 3570 sic
1199 3527 1303 3571 omues
1318 3507 1412 3583 ἡδοναὶ

296 3620 324 3677 ct
345 3606 440 3679 λῦπαι
462 3614 553 3678 simul
576 3613 708 3678 adsunt:
729 3614 811 3678 uude
830 3613 960 3677 efficitur
979 3612 1012 3676 τὸ
1035 3612 1085 3688 ἡδὺ
1108 3634 1169 3675 non
1193 3634 1256 3674 esse
1273 3615 1413 3689 :raya-

295 3717 353 3792 aa,
384 3719 419 3784 τὸ
448 3719 559 3798 ἀνιαρὸν
582 3740 642 3783 non
665 3749 699 3775 ==
720 3718 754 3784 τδ
775 3719 863 3784 κακίν
885 3754 930 3767 -
952 3719 1014 3782 497
1041 3717 1078 3782 D.
1113 3715 1253 3781 Callicles
1275 3717 1411 3781 nondum

296 3823 450 3888 convictus
481 3823 697 3905 ε’πιττομίζεται
730 3823 843 3908 duplici
874 3822 968 3906 λίνῳ,
993 3844 1053 3906 quo
1076 3822 1199 3886 omniuo
1221 3820 1258 3885 ad
1282 3820 1413 3885 absurda

293 3925 391 3993 delabi
417 3928 587 3993 ostenditur
608 3930 662 4013 qni
685 3928 755 4005 ἡδέα
782 3958 813 3985 =
835 3928 938 4006 ἀγαθοὶ
961 3927 1078 4012 judicet
1100 3965 1144 3977 -
1166 3929 1229 3990 499
1253 3926 1288 3990 B.
1333 3926 1413 3991 Sunt

294 4033 385 4118 igitur
407 4033 501 4109 ἡδοναί
520 4042 550 4098 et
572 4040 665 4100 λῦπαι
681 4034 793 4112 οὶγαίαί
814 4036 859 4117 (ιι
872 4034 1022 4116 ὠφέλιμοι)
1033 4040 1064 4097 et
1074 4033 1161 4097 κακαὶ
1174 4034 1218 4115 (ιι
1229 4031 1410 4115 βλαβεραί)ο

295 4137 359 4204 illas
388 4139 511 4220 αἱρετέον
534 4147 564 4202 et
589 4139 744 4220 πρακτέον,
771 4161 840 4204 narn
863 4143 919 4203 τῶν
941 4139 1058 4215 ἀναδῶν
1079 4135 1164 4202 ἕνεκα
1185 4130 1288 4205 τιίλλα
1310 4137 1411 4203 ποίντα

294 4245 428 4325 πρακτέα
451 4245 554 4328 (468),
582 4245 683 4329 itaque
704 4245 794 4309 etiam
817 4245 859 4308 τίο
881 4243 968 4319 ἡδέα,
992 4265 1054 4307 uou
1078 4251 1181 4307 contra
1203 4279 1247 4292 -
1271 4246 1344 4308 500.

284 4404 289 4409 .
336 4349 381 4417 ux
406 4350 452 4414 his
475 4371 563 4414 nemo
585 4372 648 4414 nou
670 4349 757 4414 facile
779 4350 916 4427 conficit,
940 4348 1106 4415 secundum
1122 4348 1274 4413 Socratem
1289 4349 1409 4427 βιωτέον
