3030 5294
539 341 544 349 -
590 299 845 365 GORGIAS.
1260 301 1277 365 ’ί

150 503 385 585 ὑπολαμβάνεις,
409 498 430 566 ὦ
453 503 612 583 Σώκρατες.
640 494 677 552 -‘
705 514 776 569 ΣΩ.
799 500 916 580 Ἕτεραι
936 502 965 566 δέ
979 505 1010 580 χ’
1021 501 1075 567 sisi
1086 507 1140 567 τῶν
1152 508 1278 582 τεχνῶν,
1309 563 1311 570 .

149 602 183 670 αἳ
203 607 250 671 δια
274 607 362 685 λόχου
385 613 445 672 ποῖν
468 610 649 688 περαίνουσι,
673 611 721 673 καί
746 609 846 687 ἔρχου,
870 611 905 679 ὥς
931 608 997 680 ἔοι-ος
1018 609 1124 689 είπείν,
1146 607 1280 683 ἦοίιδενὸς

149 712 329 794 προσδέονται
361 713 377 788 ἢ
411 714 540 794 βραχέος
571 715 664 793 ποίνυ,
692 711 753 799 οἶονΙ
767 716 935 796 οίριίμυτικίι
958 714 1006 778 καί
1031 717 1208 794 γεωμετρικὴ
1230 713 1279 778 καί
1326 788 1329 797 ,

149 820 322 895 πεπτευτικιί
343 816 383 895 ’με
408 819 457 882 καί
481 818 573 883 οίλλαι
596 820 705 884 πολλαί
729 822 851 900 τέχναι,
875 817 1002 886 ὧνιένιαι
1026 819 1130 900 οχεδίν
1153 844 1181 883 τι
1204 818 1279 891 ίοους

148 926 213 995 τοὺς
249 926 350 1002 λόχους
385 923 482 1004 ἔχουοι
518 932 585 996 ταῖς
617 923 771 1004 spetiem
800 928 832 990 αί
855 927 884 990 δὲ
907 924 1016 990 πολλαί
1039 925 1153 997 πλείους
1176 924 1229 994 καί,
1247 927 1280 989 εδ

113 1029 290 1110 Επαροίπαν
325 1033 409 1094 ποίοα
444 1033 460 1106 ἡ
491 1029 593 1109 πρᾶξις
624 1033 672 1094 καί
704 1033 737 1095 τὸ
768 1038 847 1113 κῦρος
879 1035 984 1102 αιἰτιιῖς
1014 1030 1061 1096 διοὶ
1089 1030 1183 1106 λίχων
1202 1028 1278 1094 Ὶἔστί.

113 1135 115 1142 ’
148 1136 356 1200 τῶντοιούτων
380 1135 444 1200 τινοί
467 1159 514 1210 μοι
537 1134 625 1206 δοκεῖς
651 1126 747 1212 λέγειν
763 1134 821 1211 τὴν
844 1138 993 1217 ρ’ντορικνίν.
1011 1174 1054 1184 -
1069 1145 1152 1201 ΓΟΡ.
1169 1135 1290 1209 'Asadi‘

149 1239 255 1317 λέγεις.
277 1279 314 1288 -
342 1251 413 1306 ΣΩ.
442 1243 526 1305 Ἀλλ’
545 1241 620 1305 οὔτοι
640 1241 745 1307 τούτων
766 1242 798 1318 χ’
818 1242 951 1318 οὐδεμίαν
971 1239 1052 1318 οίμαί
1070 1266 1104 1307 σε
1123 1241 1301 1319 βούλεσθαίΙ
1374 1281 1376 1285 -
1439 1286 1442 1295 ·

83 1396 95 1404 „
148 1348 288 1428 incapacia
311 1354 411 1410 καλεῖν
435 1384 473 1394 -
500 1348 557 1425 οὐχ
577 1343 619 1410 ὅτι
643 1349 682 1426 τῷ
705 1350 812 1424 ῥήματι
831 1346 918 1419 οὕτως
941 1345 1037 1429 εἶπες,
1051 1344 1093 1411 ὅτι
1106 1351 1122 1422 ἦ
1135 1346 1280 1425 διαλόγου

147 1453 180 1515 τὸ
210 1457 289 1531 κῦρος
319 1450 431 1531 ἔχουσα
459 1452 584 1530 ρκτορικνί
608 1451 686 1530 εὀσι,
710 1453 759 1516 καί
785 1451 930 1529 ὑπολάβοι
953 1451 989 1517 οίν
1012 1478 1073 1532 τις,
1100 1454 1124 1517 εί
1148 1451 1280 1527 βούλοιτο
1377 1447 1378 1450 “

148 1557 342 1637 δυσχεραίνειν
361 1557 389 1619 ἐν
400 1562 459 1626 σοῖς
470 1555 586 1632 λόχοις,
599 1558 668 1633 {Tiar
680 1559 864 1636 οίριίμκπικίςν
877 1556 935 1637 οίρα
946 1561 1105 1638 ρ’κτορικίςν,
1120 1551 1281 1637 tropis,

148 1827 243 1867 aarum,
263 1825 326 1874 quae
343 1807 370 1861 δι’
377 1815 460 1879 ἔργον,
474 1825 506 1857 an
517 1825 601 1859 earum
613 1825 692 1874 ,quae
742 1813 786 1858 451
805 1810 836 1858 Β.
854 1809 940 1876 είποιμ
956 1817 983 1863 ἂν
999 1815 1033 1862 ίτι
1051 1813 1088 1862 καί
1106 1811 1162 1868 αὕτη
1177 1813 1224 1861 lert
1239 1818 1284 1861 των

149 1879 186 1928 διὰ
202 1881 265 1940 λάρον
282 1880 310 1928 τὸ
325 1887 372 1927 πᾶν
389 1879 526 1946 περαίνουσι.
559 1875 618 1926 Jam
633 1892 690 1925 vero
741 1880 797 1944 λόγῳ
813 1881 840 1929 τί
856 1888 902 1928 πᾶν
918 1885 1061 1945 νοιρονμενων.
1085 1875 1182 1925 Vitium
1200 1874 1284 1931 deberi

149 1959 206 1993 eum
231 1959 275 2007 per
300 1942 364 1992 illud
390 1946 418 1999 ἀς
443 1943 617 2004 intelligendae
639 1943 691 1991 sint
741 1943 842 1992 videtur
858 1943 947 1993 scribis
963 1945 1051 1995 ίνανίον
1066 1941 1284 2001 habentibuscori·

148 2016 227 2076 τίχναι
249 2008 292 2059 οἶον
314 2015 427 2078 γραφικὴ,
457 2009 638 2077 ἀνδριαντοποιία
663 2009 690 2056 id
740 2009 904 2058 structionem
927 2015 987 2079 περί
1004 2014 1041 2073 τί,
1066 2012 1121 2076 περὶ
1142 2011 1217 2072 λόγους
1235 2006 1281 2068 al.·,

147 2091 225 2138 genus
247 2076 320 2133 alise,
345 2082 441 2124 etcum
459 2077 568 2143 ῥητορικὴ
584 2075 638 2140 ipsa
655 2074 689 2123 sit
739 2075 779 2124 his
805 2075 901 2139 paginis
928 2075 1128 2141 frequentissime
1154 2089 1281 2124 recurren-

147 2148 232 2208 τίχνο,
251 2156 315 2204 quae
330 2141 448 2203 leguntur
465 2157 532 2188 nune
548 2142 583 2190 ita
596 2141 689 2204 scripta
737 2146 796 2191 tem.

139 2213 208 2256 ,sunt
232 2223 264 2256 ac.
286 2207 307 2254 si
333 2207 446 2270 quaestio
471 2211 534 2254 esset
559 2211 612 2275 sept
629 2210 690 2264 τίνας
720 2267 722 2273 y
770 2207 838 2255 Ibid.
853 2203 980 2276 Ἐτεραιδί
993 2207 1280 2277 -διάλθρονπᾱνπεραί

147 2280 230 2339 τέχνας
245 2277 259 2330 b
275 2275 383 2341 ῥητορικὴ
400 2272 434 2321 sit
449 2279 526 2338 τίχενι.
550 2271 688 2337 Quaequi·
738 2274 807 2336 νουσι]
829 2271 847 2321 i.
864 2289 884 2322 e.
901 2273 981 2322 Aliae
998 2278 1080 2322 satem
1097 2276 1155 2321 ναοί
1170 2275 1280 2332 urticas,

147 2339 205 2387 dem
229 2340 331 2386 omnino
362 2338 469 2401 inteiligi
502 2353 553 2386 non
574 2342 689 2402 possunt.
740 2354 804 2401 ραωε
820 2354 930 2387 samone
946 2355 1016 2388 οεκιεο
1033 2339 1087 2403 (ἱᾶ,
1103 2337 1173 2402 quod
1183 2338 1215 2387 iis
1226 2355 1281 2404 per·

148 2403 220 2464 Quid
244 2405 310 2452 enim
334 2400 377 2452 hic
403 2403 526 2466 significat
550 2411 620 2472 είχννι
642 2408 690 2456 test
740 2403 862 2468 agendum
887 2409 925 2454 est
952 2411 983 2453 ut
1007 2404 1115 2467 artibus)
1144 2408 1280 2468 μσεοιραιιί.

148 2474 202 2538 περὶ
218 2473 316 2536 sexam?
350 2469 556 2533 Argumentatio‚
573 2477 690 2535 quaeest
740 2469 793 2530 Qui
810 2485 896 2520 sensus
913 2471 1021 2535 requirit
1037 2469 1171 2519 articulum
1187 2474 1282 2521 stante

150 2536 177 2584 in
195 2537 241 2584 450
260 2537 280 2585 G
297 2565 328 2572 —
348 2538 392 2584 451
411 2535 449 2595 D„
461 2535 690 2603 debeturambiguo
738 2545 799 2600 πᾶν,
819 2551 870 2585 non
886 2536 1024 2585 secundum
1042 2538 1085 2585 451
1105 2535 1140 2591 Β,
1160 2533 1181 2584 O
1198 2541 1223 2585 et
1240 2534 1279 2587 D:

148 2601 256 2664 Gorgiae
278 2617 412 2666 responso:
432 2605 553 2671 ῥητορικὴν
568 2618 620 2651 esse
636 2607 690 2670 περί
739 2603 783 2664 sed
804 2607 830 2652 et
849 2602 877 2651 in
893 2602 934 2650 his
950 2602 1012 2652 locis
1029 2606 1054 2653 et
1069 2600 1097 2650 in
1114 2604 1161 2650 450
1179 2602 1203 2650 D
1220 2603 1279 2652 arti·

147 2669 225 2732 λόγους
247 2668 402 2733 (ίπεστήμην).
428 2670 460 2717 sd
478 2668 586 2717 Socratis
603 2684 689 2732 quaes·
739 2668 810 2717 culus
826 2667 976 2732 requiritur,
993 2667 1053 2733 qaia
1068 2668 1278 2732 etamsiccum
1364 2680 1366 2684 ’

147 2733 255 2782 tionem:
273 2739 326 2803 περί
342 2739 420 2786 σίτων
431 2735 496 2785 ὄντων
507 2738 566 2785 ίστίν
575 2738 690 2800 ίπισι-λμη
739 2733 856 2797 articulo)
873 2735 973 2783 demum
990 2734 1056 2784 idem
1071 2734 1203 2798 exprimit,
1213 2734 1283 2799 quod

148 2799 173 2862 (ἡ
189 2801 322 2868 perspectu
346 2802 402 2858 (440
426 2801 473 2864 Ii),
491 2801 559 2863 quod
577 2802 690 2850 Socrates
738 2800 815 2877 paulo
832 2799 948 2914 superius
964 2805 992 2852 τί
1007 2811 1049 2860 τῆς
1064 2806 1151 2864 τίχνςς.
1177 2799 1284 2850 Frustra

147 2864 256 2914 refutare
272 2870 377 2914 conatur
387 2865 581 2915 demonstrando
589 2871 692 2936 ίατρωιῂν
739 2866 818 2930 1gitur
852 2870 1003 2932 ostrepunt
1029 2867 1107 2932 hujus
1132 2866 1283 2927 emendatioff

148 2933 173 2980 et
181 2939 330 2996 γυμναστικὴν
338 2932 412 2981 etiam
422 2948 474 2981 esse
483 2935 536 3001 περὶ
544 2935 628 2996 λόγους,
637 2934 691 2997 ipse
742 2931 782 2981 nis
807 2928 1095 2997 assctori„quamquam
1119 2947 1171 2982 non
1188 2934 1285 2982 certum

148 3002 232 3046 autem
264 2997 369 3060 Gorgias
401 2997 513 3046 defendit
538 2998 692 3063 perhibendo
744 3002 920 3060 argumentum
936 2997 1037 3047 adtulit.
1061 2996 1155 3046 Contra
1170 2999 1197 3047 in
1209 2999 1284 3063 Legg.

149 3065 270 3132 ῥητορικῆς
290 3073 367 3116 πᾶσαν
389 3071 428 3123 τὴν
446 3067 532 3140 πρᾶξιν
547 3069 585 3115 καὶ
601 3085 641 3123 την
657 3065 694 3114 κίε·
743 3064 790 3112 869
817 3063 837 3112 Ο
865 3063 883 3130 ᾧ
906 3091 936 3101 ν-
964 3066 1061 3134 παρίξει
1084 3069 1150 3126 νόμος
1176 3092 1218 3121 -,
1236 3061 1287 3115 ἀλλ’

148 3150 216 3243 itt
232 3130 692 3254 {tttttit‘etttbvt2:¹1·
741 3131 1284 3261 emmerammum&

87 3283 89 3289 ’
149 3268 238 3324 seipas
261 3265 314 3328 περὶ
338 3264 482 3331 χειρουργίας
499 3263 555 3314 εἶναι
573 3262 632 3324 (450
651 3261 692 3324 O).
743 3259 841 3309 dinibus
864 3287 896 3296 -
918 3263 1068 3326 ὑπομείναντα
1090 3265 1166 3314 πάντα
1188 3266 1236 3312 πάο
1254 3280 1285 3313 ειν

151 3327 264 3376 Socrates
281 3328 359 3390 igitur
375 3329 465 3377 deinde
481 3343 566 3376 omnes
583 3331 648 3389 artes
665 3327 692 3375 in
741 3326 758 3375 i.
775 3342 796 3376 e.
818 3341 989 3389 quaecunque,
1010 3326 1078 3376 αίίιίί
1095 3343 1149 3375 noa.
1183 3327 1224 3375 Ibi
1243 3343 1281 3377 em

148 3391 200 3441 duo
216 3407 305 3454 genera
322 3392 426 3451 dividit,
443 3399 469 3442 et
482 3393 585 3459 alterius
596 3392 692 3456 generis
740 3392 770 3449 in,
792 3393 906 3458 proxime
926 3392 1130 3459 praecedentibus
1150 3392 1205 3441 his:
1230 3391 1284 3447 ὥστ’

67 3463 71 3471 ’
103 3464 107 3474 ‘
148 3457 245 3507 artibus
273 3458 405 3522 descriptis
435 3459 498 3509 dicit
522 3471 565 3511 τῶν
588 3461 694 3510 τοιούτων
742 3462 807 3529 είπερ
824 3457 868 3510 οἷον
882 3456 905 3510 τ’
919 3459 946 3518 ἦν
960 3463 1000 3510 τοῦ
1015 3461 1121 3517 πολλάκις
1140 3463 1284 3518 ἀποθνήσκειν
1345 3489 1348 3494 -

148 3528 199 3575 τινά
206 3542 246 3588 μοι
256 3524 325 3582 δοκεῖς
333 3527 450 3588 δέρειντὴν
457 3526 691 3595 ρησορυιήν(45οΕ).
740 3530 778 3577 eb
800 3529 865 3577 αὐτὸν
890 3528 936 3576 ask.
955 3525 1074 3574 delendus
1096 3525 1217 3575 articulus
1234 3532 1282 3578 τοῦ,
1366 3576 1369 3581 ,

148 3589 227 3638 Vides
250 3601 293 3640 τῶν
312 3593 428 3654 τοιοὺτων,
447 3607 498 3640 nou
515 3596 567 3661 aspi
585 3597 626 3650 τὰς
645 3611 691 3643 σοι·
741 3591 819 3651 Quod
835 3591 930 3641 ibidem
946 3607 1004 3640 mox
1020 3591 1130 3640 occurrit
1137 3588 1282 3652 τιλενεήεεσ·

148 3657 227 3722 αὐτοις.
262 3655 352 3720 Itaque
375 3657 448 3705 etiam
473 3658 574 3706 alteriue
596 3658 692 3723 generis
742 3661 779 3709 θαι
802 3659 844 3708 ὑπὸ
868 3658 911 3722 (=
928 3661 1087 3709 ἀποθανιῑσίαι
1103 3658 1155 3723 ὑπὸ)
1174 3664 1281 3724 ¹mutan·

148 3721 243 3770 artibus
260 3719 392 3786 descriptis
410 3721 445 3771 sic
462 3722 532 3787 loqui
549 3729 635 3789 pergat
649 3739 691 3772 ne·
742 3723 803 3772 dum
819 3722 919 3773 videtur
939 3724 966 3772 in
983 3727 1123 3782 τελευτήσειν
1138 3727 1180 3777 ‘aab
1195 3740 1281 3775 merm-

148 3802 214 3846 cpsse
231 3791 279 3835 est:
297 3793 341 3845 τὰς
356 3789 463 3846 τοιαύτας
478 3808 518 3854 ριοι
527 3790 596 3847 δοκεῖς
605 3792 688 3854 λέγειν,
741 3789 802 3839 dum
818 3788 914 3839 Herod.
932 3788 947 3837 I
966 3790 997 3838 38
1014 3794 1039 3838 et
1055 3792 1095 3840 39.

148 3854 178 3904 ὧν
194 3855 218 3903 οὐ
234 3859 273 3920 ρὴς
290 3862 329 3913 τὴν
344 3857 464 3922 ῥητορικὴν
475 3856 530 3906 εἶναι
544 3893 550 3906 .
563 3856 633 3904 nulio
646 3872 689 3904 su·
771 3882 804 3891 —-
821 3854 877 3906 Ea
892 3856 1281 3926 βοῦίοιιοδυσχεραίνεινίντοίςλδ·

147 3925 199 3968 tem
221 3927 294 3983 pacto
314 3947 348 3956 —
369 3924 423 3989 περί
444 3924 473 3978 ἃς
493 3924 517 3970 οὐ
538 3927 579 3987 pse
594 3949 634 3970 -.
656 3919 690 3970 In
738 3922 796 3985 ροις]
823 3921 940 3970 Laudant
964 3923 1010 3970 483
1034 3932 1053 3971 a
1076 3929 1102 3972 et
1119 3924 1165 3970 489
1182 3923 1220 3980 D,
1238 3922 1281 3971 ubi
1305 3934 1307 3939 ·

150 3987 195 4034 451
215 3983 238 4032 Α
256 3989 304 4037 ἐπεὶ
320 3991 367 4055 γὰρ
382 3993 396 4042 ἡ
409 3989 518 4054 ῥητορικὴ
532 3991 640 4052 τυρχάνει
648 3991 691 4051 μὲν
738 3994 866 4055 κακουρκεῑν
881 3992 902 4038 ίν
918 3994 965 4044 τοῖς
981 3989 1052 4051 λόχοις
1068 3988 1112 4038 sed
1125 3988 1173 4038 hoo
1186 3987 1280 4051 signid-

135 4051 203 4115 ¹sisa
224 4053 307 4102 τούτων
327 4071 362 4108 τις
378 4063 420 4102 τῶν
435 4062 517 4117 τεχνῶν
531 4063 576 4102 τῶν
592 4058 619 4104 τὸ
635 4055 691 4102 πολὺ
738 4058 778 4102 cat
794 4054 864 4102 mala
872 4055 974 4116 fraude
988 4057 1028 4101 ata·
1036 4056 1063 4102 εἰν
1073 4069 1190 4103 sermone.
1207 4054 1281 4104 Prae·

148 4121 205 4184 λόγῳ
225 4125 346 4185 χρωμένων
362 4121 413 4168 art.
429 4123 514 4166 eadem
527 4117 688 4182 paucioribus
738 4122 804 4168 terea
828 4118 960 4168 conferunt
984 4118 1044 4184 Lys.
1070 4122 1119 4169 204
1143 4119 1173 4168 Ε.
1206 4123 1281 4184 Καρσί

146 4184 239 4248 repetit
255 4199 318 4248 quac
335 4184 410 4232 modo
427 4182 458 4231 de
474 4180 576 4232 alterius
593 4180 688 4247 generis
738 4185 833 4248 (δοκεῖ),
853 4187 878 4242 ἦν
894 4182 914 4235 δ’
929 4189 973 4249 lyd
992 4219 998 4233 ·
1016 4188 1089 4238 salros
1107 4186 1244 4254 δυσχεραίνω
1256 4189 1281 4236 τί
1331 4223 1334 4233 ι
1434 4219 1437 4230 ·

147 4250 244 4298 artibus
257 4249 361 4298 dixerat.
379 4249 469 4312 Itaque
478 4248 521 4298 hic
531 4250 606 4298 etiam
614 4249 689 4298 lectio
737 4247 759 4314 γ’
781 4255 802 4300 ιν
829 4253 890 4317 αὐτῷ
922 4252 966 4317 (τῷ
990 4252 1082 4318 λόγῳ).
1107 4254 1175 4300 unde
1198 4251 1280 4301 notio·

148 4320 201 4384 περὶ
218 4317 304 4372 ταύτας
321 4335 355 4372 τις
371 4321 413 4372 τὰς
428 4322 510 4381 τέχνας
525 4315 619 4380 pariter
635 4319 688 4364 tur-
738 4331 796 4365 nem
812 4317 880 4364 verbi
898 4316 1049 4392 δυσχεραίνειν
1064 4317 1205 4367 conficiant.
1229 4315 1280 4368 Ve-

148 4382 218 4430 baret
236 4396 343 4430 sensum.
361 4380 463 4446 Optime
475 4381 554 4444 igitur
572 4380 690 4431 Ficinum
739 4395 806 4430 rum.
819 4380 861 4431 hic
877 4381 1002 4444 significat
1018 4387 1056 4433 οὐκ
1070 4385 1216 4450 ἀποδέχομαι
1231 4399 1280 4432 scs

147 4448 251 4496 vertisse
268 4464 281 4494 e
298 4447 580 4509 ραασιιυνκκικεεοί.ο.
594 4447 690 4513 &aspro
740 4445 860 4506 ιιιίοκίίίο,
878 4447 997 4511 improbo.
1031 4448 1149 4509 Quamei
1163 4450 1214 4499 vim
1227 4458 1281 4500 asse

54 4514 66 4537 ’
148 4517 203 4581 περὶ
218 4513 257 4576 ἀς)
275 4529 361 4562 sensus
379 4513 477 4562 clamat.
509 4512 537 4562 si
552 4512 618 4564 forte
633 4513 691 4579 quis
739 4512 835 4580 optime
859 4512 980 4563 discimus
1005 4530 1019 4564 e
1042 4515 1131 4564 multis
1154 4515 1229 4573 locis,
1251 4515 1280 4567 in

149 4579 273 4631 desideret
293 4593 432 4645 pronomen
450 4583 516 4646 τινὰ,
534 4578 557 4629 is
573 4580 691 4647 inspiciat
738 4579 831 4648 quibas
856 4583 883 4632 τί
907 4580 1059 4651 δνσχερσίνεεν
1085 4581 1224 4649 opponitur
1246 4593 1281 4653 τῷ
