3030 5294
315 308 371 355 xiv
674 287 1083 356 PROLEGOMENA.

360 495 394 576 2)
416 493 479 576 περί
491 495 587 575 ίατροῦ
599 493 730 575 αἱρέσεως
743 494 827 578 (haec
838 495 921 559 πενθῶ
933 494 1009 582 551),
1029 493 1091 576 περί
1104 500 1209 576 τειχῶν
1220 494 1442 583 οἰκοδομιίσεως,

315 599 378 681 περὶ
400 598 553 684 ιὶποίνταν,
578 607 669 684 atque
692 599 705 664 ί
731 601 818 681 ῥητωρ
842 621 960 685 semper
981 608 1045 686 νικᾷ
1067 602 1118 675 πίον
1137 601 1387 680 γνῶμην-ε-456
1401 601 1442 678 A,

314 704 407 791 idque
429 707 497 788 πρὸς
519 705 657 776 ἅπαντας
680 703 725 754 -’
748 708 809 772 457
836 708 882 784 Α;

360 810 525 875 cavendnm
555 816 655 874 autem
683 810 790 891 ρἰίτορι,
813 832 853 874 55
874 811 977 882 ῶδίκιος
1000 819 1109 891 χρῆται
1132 819 1169 892 τῇ
1191 814 1333 893 ῥητορικῇ,
1358 811 1443 895 qnod

315 916 405 980 etiam
432 917 466 981 in
492 934 563 979 snos
586 915 753 1000 discipulos
777 914 881 980 cadere
902 915 1078 1001 imprudens
1101 916 1214 980 fatetur
1237 953 1281 979 -.-
1303 919 1366 982 457
1393 916 1441 994 Β,

316 1021 559 1106 (interrumpitur
580 1021 746 1107 disputatio
770 1023 833 1086 457
859 1021 994 1086 (1-459
1019 1024 1079 1104 A);

358 1127 487 1211 reliquas
520 1127 576 1210 (sic
604 1125 732 1212 Gorgias
755 1127 866 1213 pergit)
888 1149 936 1192 res
958 1127 1035 1192 οὐδὲν
1057 1127 1102 1191 δεῖ
1123 1127 1224 1192 είδέναι
1248 1127 1296 1192 ’τὸν
1319 1127 1441 1208 ῥήτορα,

313 1231 451 1312 μηχοίνην
474 1232 503 1297 δέ
524 1256 591 1297 τινα
612 1235 722 1305 πειθοῦς
746 1232 909 1312 εὑρηκέναι,
933 1232 1034 1298 εἰδέναι
1056 1242 1156 1327 autem
1180 1232 1271 1297 δεῖ’πί
1289 1232 1444 1308 οὶγαθδντί

314 1336 419 1421 κακίν,
442 1339 474 1404 τί
491 1337 579 1404 καλὸν
602 1338 633 1404 τί
655 1338 791 1420 αίσχρίν,
812 1338 844 1404 τί
863 1337 967 1403 δίκαιον
982 1339 1013 1404 σθ
1027 1336 1135 1415 ἄδικον,
1153 1343 1245 1423 atque
1260 1338 1334 1403 haec
1350 1338 1441 1403 etiam

316 1443 380 1529 eJns
403 1442 570 1530 discipulos
592 1444 790 1524 μεμαθηκέναι
813 1443 921 1521 δεῖ-
944 1447 1008 1508 466
1033 1443 1070 1509 Α.

759 1639 927 1722 55-551
952 1636 988 1702 n.

357 1776 424 1848 Τίς
447 1778 463 1852 ἡ
486 1775 634 1852 οίληθινη
655 1775 820 1857 ῥητορικὴ
843 1774 922 1839 sivo
942 1774 999 1848 τίς
1023 1777 1037 1840 ὃ
1059 1779 1103 1849 ῶς
1125 1775 1265 1862 οίίιηθῶς
1287 1775 1396 1857 ῥήτωρ
1472 1801 1475 1811 ·

700 1881 866 1946 secundnm
894 1879 1053 1946 Socratem.

359 2018 503 2103 Gorgiam
525 2026 677 2105 postrema
698 2019 753 2084 1115
776 2016 941 2103 discipulos
963 2018 1160 2096 μεμαθηκέναι
1182 2019 1238 2083 δεῖν
1261 2018 1310 2084 καί
1341 2018 1442 2084 είδίναι

314 2124 354 2189 τοὶ
376 2123 474 2189 δίκαια
495 2124 544 2189 καί
567 2125 608 2190 τοὶ
629 2126 717 2191 ι’ίδικα
730 2125 964 2210 ,imprudentem
989 2146 1144 2188 assensum
1168 2124 1304 2188 Socrates
1326 2122 1439 2188 obtun-

316 2229 360 2293 dit
383 2238 413 2293 et
435 2230 587 2295 convincit
608 2230 689 2311 λίγιρ
711 2230 925 2316 (syllogismo),
950 2252 1012 2315 quo
1036 2229 1165 2294 efficitur
1183 2229 1231 2295 τὸν
1246 2228 1441 2306 μεμαθηκότα

314 2335 355 2400 τίι
386 2335 483 2400 δίκαια
513 2359 577 2401 5555
602 2337 648 2402 oiri
674 2337 797 2413 δίκαιον,
821 2338 865 2400 115
888 2344 922 2401 51
946 2359 1031 2400 verus
1054 2325 1141 2417 Ιῥιίτοιρ
1164 2356 1320 2419 nunquam
1344 2334 1441 2419 possit

149 2469 152 2477 ¹
197 2444 199 2449 ’
314 2439 417 2513 οὶδίκως
440 2444 564 2522 χρῆσθαι
587 2452 624 2525 τῇ
647 2447 772 2525 ρἠτορικρί
796 2441 910 2524 (confer
929 2444 990 2506 457
1010 2441 1146 2505 Α-457
1165 2439 1212 2524 Β).
1237 2439 1335 2504 Verus
1347 2440 1441 2525 igitur

314 2548 402 2628 ρἰίτιορ
426 2548 498 2630 (sive
521 2567 621 2612 veram
642 2547 822 2612 rhetoricam
846 2537 1000 2630 exercens)
1024 2546 1194 2625 necessario
1219 2553 1265 2609 cst
1287 2545 1391 2618 δίκαιος
1407 2551 1439 2608 51

315 2654 480 2729 ἐπιστημῶν
501 2660 556 2719 τῶν
579 2653 700 2719 δικαίων.
725 2652 803 2716 Vide
823 2654 885 2719 508
904 2651 944 2729 G,
961 2650 1016 2716 ubi
1030 2652 1120 2716 haec:
1136 2652 1185 2716 τὸν
1200 2651 1349 2735 μέλλοντα
1359 2651 1439 2731 ὀρθῶς

240 2837 244 2847 .
314 2757 450 2840 ρἠπορικὸν
480 2758 592 2824 ἔσεσθαι
623 2759 727 2824 δίκαιον
754 2760 798 2823 δεῖ
821 2755 892 2823 εἶναι
919 2758 969 2823 καί
993 2758 1172 2835 ἐπιστήμονα
1196 2765 1250 2823 τῶν
1273 2756 1401 2840 δικαίαν,
1425 2754 1440 2820 ὃ

315 2864 437 2943 Γοργίας
460 2864 494 2929 δι’
517 2866 658 2945 αἰσχύνην
679 2863 977 2941 ὡμολόγησε-461
993 2863 1026 2929 Β.
1050 2863 1158 2950 Itaque
1171 2863 1300 2948 Gorgiae
1312 2862 1437 2943 ρῗητορικη

315 2965 410 3034 οίδικον
431 2975 561 3049 πρῶγμα
584 2970 612 3035 ὃν
635 2970 723 3034 nihili
747 2976 808 3046 est,
834 2977 863 3034 et
882 2969 915 3035 ri
931 2969 1098 3050 ζητούμενον
1115 2977 1159 3033 551
1174 2969 1235 3033 fere
1252 2967 1436 3031 contrarium

316 3075 390 3159 ejus.
426 3073 483 3139 Est
505 3098 573 3140 vera
596 3075 746 3140 rhetorica
769 3098 818 3154 ea,
843 3097 933 3159 quam
958 3076 1011 3158 qni
1035 3082 1151 3139 exercet
1174 3096 1236 3138 non
1257 3082 1320 3137 esse
1335 3058 1439 3145 δίκαιος

316 3202 377 3245 non
400 3187 517 3265 potest,
541 3204 640 3266 neque
663 3183 728 3268 ipse
748 3203 850 3265 neque
873 3182 899 3244 is
923 3203 1013 3266 quem
1038 3202 1102 3244 eam
1126 3178 1272 3244 docuerit.

530 3343 534 3352 ’
566 3368 568 3375 ·
642 3394 644 3398 ⁴
761 3377 931 3460 aa-rra
956 3374 995 3439 5.

395 3512 461 3584 Τίς
485 3515 592 3608 η’·τῶν
614 3519 796 3596 σοφιστῶν
819 3513 984 3595 ρἠτορικὶη
1008 3510 1175 3576 secundum
1199 3511 1360 3576 Socratem.

386 3651 480 3715 Polus
502 3651 698 3737 interrumpit
721 3652 958 3738 disputationem
982 3650 1204 3738 reprehendens
1229 3651 1372 3735 Gorgiam

735 3761 797 3822 461
822 3758 957 3822 B-rca
982 3757 1018 3822 Β.

360 3895 497 3960 Socrates
520 3894 652 3980 primum
676 3895 765 3959 docet
788 3895 950 3980 Gorgiam,
972 3895 1016 3968 τίς
1037 3899 1124 3986 ἡτῶν
1143 3900 1285 3979 σοφιστῶν
1298 3894 1442 3978 ῥητορικὴ,

316 4001 425 4066 deinde
448 4001 562 4065 refutat
584 4000 652 4065 Poli
679 4001 823 4084 argutias.

316 4118 344 4174 Α
367 4108 410 4179 τίς
434 4110 450 4183 ἡ
473 4112 529 4170 τῶν
552 4111 696 4188 σοφιστῶν
719 4108 854 4187 ῥητορικιί.
877 4142 921 4157 -
944 4108 1007 4170 465
1032 4106 1069 4171 E.

263 4229 265 4234 ’
316 4213 380 4293 ῶρπι
411 4214 443 4276 ἐκ
457 4210 459 4216 ’
474 4217 525 4276 τοῦ
548 4211 637 4289 λόγον
660 4210 722 4290 περί
746 4219 799 4283 τῆς
822 4215 971 4301 ῥητορικῆς,
986 4213 1061 4276 οὐδὲν
1083 4211 1255 4290 καταφανὲς
1280 4210 1393 4286 ἐγένετο
1416 4211 1447 4275 πί

316 4341 388 4383 ποτε
416 4318 539 4396 Γοργίας
571 4319 689 4395 ἡγεῖται
712 4354 756 4365 -
779 4319 842 4380 463
876 4319 921 4380 A:
952 4317 1016 4400 ejus
1041 4316 1220 4393 ἐπιτήδευμα
1242 4318 1272 4379 οὐ
1295 4315 1444 4394 τεχνικὸν,

317 4422 485 4487 secuudum
518 4421 670 4487 Socratem
706 4428 752 4484 est
783 4421 919 4500 ἐμπειρία
947 4444 991 4492 πις
1021 4419 1141 4500 χοίριτίς
1173 4443 1245 4492 τινος
1272 4418 1320 4483 καί
1349 4420 1445 4495 ἡδονῆς

316 4527 502 4606 ἀπεργασίας
525 4565 569 4576 -
591 4529 655 4591 466
675 4525 718 4589 Βι
742 4527 789 4589 ε’πί
814 4527 888 4593 δοείν
911 4527 1098 4659 πραγματγν
