3030 5294
177 343 254 407 nu
427 273 429 277 ¹
543 319 954 405 raonueouous.

179 549 280 592 sarum
313 549 415 591 rerum
446 526 618 611 copulatio,
649 546 728 610 quae
757 525 868 610 passim
893 524 940 588 vel
963 525 1156 590 auditoribus
1178 547 1259 589 nova
1283 546 1322 590 ac

178 634 362 720 necopinata
384 640 448 710 est,
472 639 594 697 utnon
617 631 789 696 mirandum
812 631 867 708 sit,
891 630 1072 716 interpretes
1095 631 1229 696 multum
1254 631 1321 695 dia·

179 760 301 825 cropore
332 739 370 803 de
401 738 529 816 multis,
560 738 654 801 etiam
684 737 722 801 de
746 737 888 802 themate.
933 737 1117 823 Resipsae,
1142 736 1322 823 dequibus

178 846 372 930 quaestiones
402 845 630 920 instituuntur,
664 864 727 908 nou
757 848 832 907 sunt
860 841 1028 922 obscurae,
1050 843 1104 908 sed
1127 853 1231 908 tamen
1256 866 1322 908 ser·

179 972 300 1023 monem
316 950 451 1035 legentes
467 972 555 1034 saepe
571 947 736 1014 subsistere
752 949 896 1032 ultroque
913 971 1057 1035 quaerere
1073 952 1222 1034 cogimur,
1242 972 1323 1034 quo·
1367 947 1369 952 ’

179 1057 271 1120 modo
302 1057 404 1120 omnia
435 1057 515 1121 inter
546 1077 577 1118 se
609 1055 807 1134 cohaereant,
840 1076 901 1139 quo
925 1055 1045 1140 singula
1068 1056 1215 1134 tendant,
1242 1078 1321 1140 quac

179 1161 304 1228 tandem
334 1163 466 1248 primum
494 1161 596 1227 locum
620 1162 796 1237 obtineant,
821 1161 889 1225 aliis
914 1161 1012 1226 verbis
1037 1169 1072 1227 ut
1095 1163 1215 1240 dicam,
1241 1183 1322 1247 quae

178 1269 220 1334 cla
242 1267 324 1344 μέσαι
347 1276 377 1332 et
398 1269 440 1333 τὰ
463 1265 539 1348 ἄκραι
561 1267 676 1352 dialogi
700 1267 779 1345 sint,
801 1275 830 1332 et
847 1267 922 1351 quid
938 1269 1063 1333 tandem
1079 1268 1111 1333 id
1128 1269 1186 1346 sit,
1204 1269 1321 1333 circum

180 1372 263 1459 quod
294 1379 443 1459 tanquam
468 1393 553 1437 axem
578 1395 683 1437 omnes
707 1373 926 1459 disputationis
950 1382 1052 1459 partes
1075 1397 1107 1438 se
1130 1382 1320 1440 convertant.
1414 1363 1416 1366 ¹

179 1479 220 1544 Et
241 1479 349 1564 quidni
365 1479 494 1558 faterer,
510 1500 559 1543 rne
576 1484 693 1543 certum
709 1478 864 1562 quoddam
880 1479 983 1544 thema
997 1488 1218 1565 aucupantem,
1236 1480 1320 1564 quod

92 1599 100 1608 ’
179 1586 349 1671 generatim
364 1570 488 1670 quidem
505 1585 558 1649 sed
574 1592 675 1650 tamen
693 1586 785 1649 simul
800 1585 984 1650 nominatim
1000 1608 1149 1650 summam
1161 1577 1301 1651 omnium
1309 1635 1319 1667 ,

137 1715 140 1719 ·
179 1692 313 1779 quaein
337 1690 395 1756 hoo
419 1690 542 1775 dialogo
566 1690 784 1775 disputantur,
808 1691 993 1775 significaret
1013 1699 1044 1755 et
1060 1691 1246 1770 declararet,
1263 1692 1320 1757 diu

178 1798 291 1863 frustra
322 1796 465 1877 sudasse,
496 1795 593 1860 donec
616 1796 649 1860 in
673 1795 858 1881 syllogismis
882 1796 999 1861 indices
1022 1796 1223 1882 agnoscebam
1246 1798 1321 1863 sim·

179 1903 340 1990 plicissimi
372 1911 403 1966 st
432 1901 604 1986 plenissimi
626 1901 790 1981 thematis,
814 1904 882 1980 cui,
907 1911 1008 1968 totum
1031 1903 1189 1989 dialogum
1213 1902 1321 1968 dedita

179 2032 270 2095 opera
293 2015 397 2095 postea
420 2007 521 2071 denuo
545 2015 757 2093 perscrutans,
781 2029 886 2072 omnes
906 2010 972 2094 ejus
993 2019 1095 2095 partes
1112 2010 1232 2096 egregie
1248 2031 1321 2074 cou-

179 2115 283 2181 venire
308 2123 344 2179 -et
367 2114 528 2198 suffragari
550 2113 781 2199 comperiebam.
823 2112 893 2178 Hoc
915 2115 1012 2200 igitur
1033 2116 1143 2180 referre
1167 2113 1318 2192 conabor,

178 2221 232 2286 sed
259 2242 344 2286 nuuc
378 2221 485 2285 ordine
520 2220 640 2284 inverso
671 2219 803 2305 primum
827 2220 871 2283 ita
894 2243 1060 2306 persequar
1082 2221 1256 2305 dialogum,
1281 2228 1318 2287 ιιι

178 2328 244 2414 ejus
267 2326 370 2391 thema
393 2347 448 2412 per
470 2347 503 2391 se
526 2325 613 2412 quasi
636 2325 779 2410 prodeat,
804 2324 915 2390 deinde
938 2347 1030 2411 quam
1050 2327 1125 2391 certi
1141 2327 1234 2392 duces
1251 2327 1314 2392 sint

177 2433 348 2520 syllogismi
370 2431 409 2496 ad
432 2431 464 2495 id
488 2431 707 2497 inveniendum
730 2431 898 2496 ostendam.

222 2538 270 2603 lta
297 2536 551 2623 inscriptionibus
575 2537 769 2623 singulorum
793 2538 926 2622 capitum
951 2536 1033 2621 (vide
1056 2536 1179 2603 brevem
1203 2538 1320 2625 dialogi

178 2647 390 2731 conspectum)
413 2641 558 2709 facillima
581 2665 672 2729 opera
695 2643 871 2727 colligitur,
889 2644 1078 2728 conjunctim
1095 2644 1318 2711 consideranda

178 2774 243 2816 esse
273 2751 382 2836 capitis
413 2749 440 2816 I.
472 2748 553 2813 Sect.
586 2748 612 2813 Ι.
643 2751 661 2835 q
687 2752 702 2813 l
736 2758 766 2814 et
799 2753 874 2814 Set
905 2748 979 2834 Cap.
1005 2748 1040 2814 ΙΙ
1063 2757 1093 2814 et
1116 2750 1173 2817 IV.
1198 2751 1252 2817 ubi
1275 2751 1314 2818 da
1410 2829 1413 2833 ⁴

177 2856 384 2943 sophistarum
415 2853 566 2920 rhetorica
589 2854 707 2939 agitur:
736 2863 802 2919 tum
827 2854 917 2919 etiam
942 2857 1156 2943 conjungenda
1180 2879 1245 2921 esse
1267 2879 1316 2924 ca·

177 2963 249 3048 pitis
273 2961 300 3026 I.
331 2960 411 3026 Sect.
434 2960 462 3025 Ι.
485 2962 502 3046 q
526 2962 544 3024 2
570 2969 602 3024 et
624 2959 703 3045 Sect.
728 2959 763 3025 II
786 2969 817 3025 et
840 2960 915 3047 (lap.
940 2961 1021 3040 III.,
1046 2963 1078 3027 in
1107 2961 1220 3046 quibus
1245 2985 1319 3031 vera

178 3067 330 3134 rhetorica
353 3074 510 3132 tractatur.
552 3065 591 3131 In
613 3065 734 3150 reliqua
756 3066 870 3152 dialogi
893 3074 979 3152 parte
1001 3068 1088 3133 nulla
1112 3068 1245 3155 amplius
1269 3077 1317 3135 est

177 3174 400 3259 argumentatio
433 3171 620 3257 syllogistica
651 3173 703 3238 sed
733 3196 784 3252 ea,
809 3195 887 3258 quae
911 3176 1053 3261 superius
1076 3174 1261 3260 syllogismis
1285 3181 1318 3241 ει

176 3279 386 3366 disputatione
409 3278 515 3343 effecta
538 3285 628 3357 sunt,
655 3288 691 3343 ut
715 3278 844 3366 probata
867 3286 898 3343 et
914 3287 1001 3345 certa
1011 3288 1183 3345 sumuntur.
1207 3280 1315 3360 Quum

176 3393 277 3452 autem
302 3386 410 3471 capitis
433 3383 460 3449 I.
484 3383 565 3449 Sect.
588 3385 615 3449 I.
639 3386 657 3471 q
680 3391 709 3451 1.
732 3386 995 3450 introductionem
1018 3386 1183 3470 quamdam
1204 3388 1237 3450 in
1253 3386 1317 3451 dia·

175 3492 280 3576 logum
304 3491 460 3556 contineat
468 3539 477 3569 ,
503 3492 636 3577 primum
660 3491 793 3570 dehac,
821 3491 935 3583 deinde¹
955 3491 992 3556 de
1016 3492 1222 3576 sophistarum
1245 3493 1316 3558 rhe·
1347 3476 1352 3485 ¹

174 3599 271 3663 torica
293 3588 324 3661 et
346 3598 436 3661 tertio
460 3596 497 3660 de
521 3620 591 3661 vera
620 3596 771 3662 rhetorica
795 3596 974 3662 videbimus.

219 3702 259 3769 Iu
282 3701 357 3787 Gap.
379 3702 405 3767 Ι.
428 3701 511 3767 secu
530 3702 557 3769 Ι.
581 3706 646 3788 ql.
679 3702 808 3787 Gorgias
832 3703 937 3769 rhetor
959 3712 1055 3769 artem
1071 3688 1157 3769 suam
1174 3704 1315 3788 aperiens

174 3817 205 3875 et
233 3809 400 3887 definiens,
432 3807 569 3878 Socrate,
588 3831 706 3894 semper
729 3810 877 3874 sermonis
900 3808 996 3887 duca,
1020 3811 1119 3894 tangit
1142 3810 1316 3890 nonnulla,

174 3937 253 4001 qaae
275 3914 315 3980 ad
338 3937 374 3978 ea
396 3915 551 4000 pertinent
574 3914 612 3979 da
635 3914 748 4000 quibus
770 3915 849 3979 infra
873 3916 1068 4000 quaestiones
1086 3915 1313 3994 instituantur,

173 4044 220 4088 err.
241 4044 286 4107 gr.
307 4022 340 4085 ιιι
365 4023 429 4085 tos
452 4021 486 4085 cl
509 4019 612 4101 ἄρχειν
634 4042 702 4085 cum
727 4042 847 4086 summa
869 4022 900 4086 ιι
920 4045 955 4086 ac
977 4028 1128 4107 potestate
1144 4021 1175 4086 iu
1193 4045 1315 4109 rempu-

172 4128 302 4205 blicam,
326 4127 360 4192 τὸ
383 4126 469 4205 μέγα
491 4126 636 4192 διιιιιιιιθιιιμ
651 4128 832 4211 (secundum
855 4129 889 4194 τι
911 4128 992 4194 sard
1014 4128 1105 4211 Φύσιν
1127 4128 1249 4204 δίκαιον,
1274 4129 1314 4195 da

173 4257 235 4321 quo
266 4233 335 4298 vide
366 4233 475 4319 inira),
507 4233 541 4297 in
569 4235 646 4322 454,
667 4241 697 4298 ct
728 4238 793 4299 459
817 4235 976 4299 scientiam
1000 4240 1050 4299 τοῦ
1074 4235 1182 4299 δικαίου
1205 4243 1236 4298 et
1259 4241 1315 4302 τοῦ
1419 4240 1423 4245 “

135 4404 139 4408 .
171 4341 270 4406 ἄδικον
294 4348 367 4416 eto,
390 4340 425 4403 iu
447 4341 513 4403 456
537 4347 567 4404 et
589 4342 652 4406 457
678 4340 792 4406 ἀδικίαν
811 4339 1034 4426 discipulorum
1050 4339 1088 4403 de
1103 4361 1165 4422 qua
1179 4362 1314 4425 querun-

171 4453 224 4512 tur
246 4445 400 4522 rbetores,
424 4444 493 4509 alia.
529 4445 639 4531 Itaque
662 4454 708 4512 cst
730 4446 780 4511 hic
804 4447 953 4530 quaedam
977 4445 1166 4510 introductio
1191 4447 1224 4510 iu
1248 4446 1315 4512 dia·

173 4553 301 4638 logum·
325 4549 414 4631 Quae
437 4558 541 4617 autem
561 4552 680 4637 reliqua
703 4552 755 4618 bic
777 4551 815 4617 de
834 4551 966 4638 Gorgiae
986 4551 1136 4617 rhetorica
1152 4550 1313 4636 leguntur,
