3030 5294
543 266 956 354 raonnoonnnr.
1250 314 1329 359 κω

184 505 280 582 atque
302 495 422 560 intexta
443 503 490 559 est
512 478 681 560 officiorum
706 502 736 559 at
760 494 948 578 privatorum
971 504 1002 560 et
1024 495 1219 581 publicorum
1246 520 1329 583 prae

185 603 289 688 ceptio
309 600 456 685 quaedam
478 601 624 666 omnibns
643 599 820 664 honr-initos
840 621 893 684 pro
914 622 970 665 sna
991 603 1141 686 cnjnsqne
1153 603 1331 668 conditione
1374 664 1378 671 .

183 716 240 774 aot
263 716 328 772 arte
352 715 406 772 ant
427 724 555 771 munere
570 704 742 770 secundnm
757 726 824 769 eam
844 707 1118 790 exsequendorum.
1141 707 1230 789 Quae
1246 732 1330 794 prae·

184 815 288 901 ceptio
312 835 382 878 cnm
406 815 447 877 sit
469 811 627 898 specialis,
656 812 773 897 qnippe
796 820 901 897 emata
924 819 1020 896 atqua
1041 815 1268 880 accommodata
1289 815 1328 881 ad

183 921 345 1007 regminis
369 920 497 984 formam
522 924 553 982 et
573 918 706 982 civitatis
723 917 923 983 Atheniensis
938 920 1074 984 auctoris
1088 926 1186 986 aetate
1198 927 1328 999 statum,

184 1029 221 1094 in
242 1026 379 1092 universi
402 1026 545 1090 thematis
569 1024 776 1110 descriptione
800 1023 888 1088 locus
912 1022 940 1088 ei
963 1046 1113 1089 essenon
1137 1033 1248 1111 potest.

230 1131 373 1198 Fortasse
404 1138 505 1196 tamen
539 1129 650 1215 aliquis
681 1129 818 1215 proferat
847 1129 951 1208 locos,
984 1131 1084 1216 qualis
1116 1139 1163 1196 est
1197 1133 1259 1198 tas
1293 1131 1329 1199 G.

170 1230 171 1233 ¹
183 1237 330 1321 χρηστέον
350 1245 388 1319 τῇ
410 1242 538 1319 ῥητορικῇ
561 1235 609 1300 ἐπὶ
632 1235 667 1302 τὸ
688 1235 795 1301 δίκαιον
816 1236 873 1302 ciel.
898 1244 929 1301 et
952 1236 982 1301 D
1004 1268 1050 1288 ·-··
1072 1237 1135 1304 rda'
1159 1237 1210 1329 ida
1234 1240 1330 1315 εὀονθν·

184 1344 298 1423 νόμενον
319 1350 379 1417 τοῖς
404 1350 572 1416 πολιτικοῖς.
599 1345 664 1407 sot
688 1343 718 1407 D
740 1343 754 1407 ὃ
778 1344 868 1424 ῥήτωρ
891 1345 904 1408 ὃ
927 1344 1060 1424 τεχνικός
1083 1370 1117 1410 τε
1140 1346 1190 1411 acl
1213 1346 1330 1426 ἄγονος
1385 1393 1388 1397 «

183 1451 238 1517 ui
265 1449 334 1522 rode
363 1449 470 1526 λόγους
502 1448 642 1531 προσοίσει
672 1455 741 1520 τοῖς
773 1453 909 1528 ψυχαῖς,
941 1441 987 1521 οὓς
1016 1448 1053 1515 ἂν
1080 1450 1175 1532 λένῃ,
1198 1453 1249 1516 sat
1272 1453 1331 1526 ads·

184 1555 307 1638 πράξεις
330 1556 456 1629 ἁπάσας
478 1592 524 1606 -
546 1553 623 1627 ὅπως
645 1554 683 1620 ἂν
707 1556 797 1620 αὐτοῦ
820 1562 880 1626 τοῖο
901 1556 1038 1628 nostran
1053 1558 1217 1632 δικαιοσύνη
1231 1559 1285 1636 μὲν
1298 1560 1329 1624 ἐν

182 1672 254 1735 ταῖς
275 1670 396 1743 ψυχαῖς
419 1662 560 1739 γίγνηται
584 1660 646 1726 ari.
671 1669 703 1725 ot
725 1682 788 1724 non
804 1682 920 1745 pancos
936 1662 1069 1726 emedio
1085 1663 1224 1747 dialogo,
1242 1686 1328 1750 prae-

183 1771 291 1835 sertim
323 1768 380 1834 nbi
409 1767 562 1833 uberrime
594 1766 633 1830 de
669 1766 806 1851 politicis
841 1766 1035 1852 disputatur,
1071 1771 1254 1836 nominatim
1289 1770 1328 1836 de

183 1875 368 1953 Miltiadis,
383 1874 510 1938 Periclis
534 1873 663 1938 aliorum
686 1872 839 1947 rhetorica
861 1873 1059 1958 velpolitica
1080 1912 1126 1926 -
1152 1877 1328 1962 hujusmodi

147 2004 151 2013 ¹
183 1981 303 2047 multos
327 1981 429 2058 locos,
453 1979 543 2059 dico,
566 1979 693 2044 fortasse
717 1980 786 2065 quis
810 1980 945 2064 proferat
967 1979 1127 2048 discedens
1149 1983 1182 2047 in
1206 1990 1325 2048 senten·

184 2089 262 2155 tiam
288 2086 490 2174 quorumdam
515 2087 741 2171 interpretum,
762 2086 816 2170 qni
840 2085 979 2172 politicas
1001 2088 1099 2172 magis
1123 2110 1215 2174 quern
1231 2090 1329 2174 priva

185 2204 237 2260 tas
258 2217 307 2260 ree
330 2194 364 2258 in
388 2194 445 2258 hoc
467 2192 590 2278 dialogo
613 2191 724 2276 respici
744 2191 894 2278 judicant.
932 2184 1107 2258 Sconndnm
1123 2217 1209 2280 ‘qnos
1231 2197 1329 2281 igitnr

185 2301 292 2386 potins
315 2300 448 2365 mixtum
471 2297 628 2382 quoddam
649 2296 764 2383 dialogi
787 2305 868 2362 esset
890 2298 993 2363 thema
1009 2300 1053 2363 sia
1068 2300 1131 2364 lere
1146 2323 1178 2365 sc
1196 2299 1326 2368 habens:
1398 2364 1404 2374 ,

174 2406 303 2493 justitio
324 2414 354 2470 at
375 2405 568 2488 temperantia
590 2403 759 2489 reh'qnaque
781 2404 890 2486 virtus,
908 2407 1050 2487 podlt'caa
1070 2400 1177 2471 solutis
1199 2429 1236 2471 cc
1249 2408 1327 2492 fcli-

183 2508 286 2580 οἰοοοίο
308 2534 438 2596 parasse,
471 2516 540 2575 acte
571 2512 668 2574 οοοοοὲο
697 2512 768 2575 bono
786 2511 909 2593 politico
932 2518 961 2575 ct
983 2513 1126 2576 raanan>
1142 2519 1326 2595 propositam

132 2651 135 2656 ·
184 2641 222 2700 aa
241 2620 320 2701 fiais
350 2617 455 2701 agendi
484 2626 512 2682 ct
542 2618 664 2682 dc'ccndi.
706 2614 824 2680 Verum
855 2616 963 2694 Plato,
994 2622 1061 2682 mea
1089 2619 1262 2698 sententia,
1287 2619 1328 2684 ad

182 2723 265 2790 nihil
287 2722 372 2788 aliud
396 2724 500 2808 potnit
523 2723 620 2786 facere
643 2721 796 2786 Socratem
821 2723 946 2787 tandem
969 2724 1003 2788 in
1027 2725 1089 2790 527
1111 2724 1326 2790 adhortantem

182 2829 359 2908 auditores,
390 2829 452 2893 nisi
482 2828 521 2892 ad
552 2828 584 2891 id
613 2828 695 2911 qnod
721 2830 753 2892 in
776 2830 844 2913 ipso
867 2836 934 2893 toto
957 2851 1097 2895 sermone
1119 2846 1190 2895 enm
1212 2832 1327 2898 fwerat

184 2958 237 3001 eos
260 2935 431 3001 docentem.
475 2933 664 3018 Interpretes
687 2934 783 3019 igitar
802 2934 982 3001 nominibus
1005 2935 1172 3002 rhetorices
1195 2943 1225 3002 et
1248 2938 1326 3024 poli·

183 3042 280 3121 tices,
311 3041 443 3106 rhetoris
475 3048 506 3104 et
537 3039 671 3125 politici,
701 3039 815 3124 qnibns
847 3041 987 3105 Socrates
1015 3043 1105 3106 etiam
1129 3041 1185 3108 ubi
1208 3043 1246 3108 de
1269 3066 1326 3110 sua

184 3154 251 3214 arte
279 3147 421 3232 loquitur
451 3146 626 3230 saepissime
650 3147 764 3224 utitur,
790 3168 975 3231 quamquam
998 3149 1151 3214 rarissime
1173 3149 1240 3214 sine
1263 3150 1325 3236 epi-

184 3253 271 3320 theto
293 3255 427 3330 οὶλνθινΐο,
450 3253 483 3316 in
507 3274 638 3317 errorem
662 3251 784 3317 indnoti
808 3251 960 3318 videntur.
996 3252 1111 3341 linquis
1135 3255 1215 3320 enim
1237 3256 1326 3343 qnid·

183 3381 276 3447 qnam
307 3360 410 3442 sidet,
438 3358 523 3445 quod
553 3358 593 3423 ad
615 3365 712 3423 artem
735 3359 899 3424 oratoriam
925 3367 979 3424 aut
1004 3360 1042 3424 ad
1065 3360 1251 3446 reipublicae
1274 3361 1325 3426 ad·

183 3466 440 3531 ministrationem
464 3464 568 3530 referri
592 3465 706 3549 possit,
727 3465 760 3529 in
777 3487 812 3530 ea
826 3465 978 3529 rhetorica
993 3466 1057 3530 sive
1072 3467 1213 3551 politica,
1231 3490 1324 3553 quam

183 3571 322 3657 privatus
343 3571 435 3635 homo
459 3577 596 3633 exerceat
623 3569 727 3647 λόγους
753 3568 868 3635 habens
885 3571 901 3646 ἢ
919 3571 977 3652 idlqr
994 3571 1011 3647 ἢ
1029 3571 1153 3654 δημοσίᾳ
1169 3574 1247 3658 (522
1265 3573 1324 3657 B),

183 3698 275 3762 mam
299 3677 325 3741 si
349 3677 419 3761 quis
440 3676 607 3741 exercuerit
627 3676 654 3739 is
675 3676 772 3760 possit
791 3698 823 3739 se
843 3676 1004 3740 defendere
1020 3699 1169 3762 suamque
1181 3680 1274 3744 vitam
1288 3687 1325 3744 nt

182 3785 261 3862 pirre
280 3783 345 3864 arpi
362 3783 523 3863 ἀνθρώπους
544 3783 621 3860 μήτε
640 3782 704 3862 aspi
723 3781 800 3853 θεοὺς
813 3779 909 3846 ἄδικον
920 3783 1008 3860 μηδὲν
1019 3783 1091 3860 μήτ’
1102 3785 1242 3864 εἰρηκότος
1253 3788 1325 3864 μήτ’

183 3889 385 3969 ἐργασμένον.
410 3895 504 3974 atque
526 3888 582 3952 hac
598 3887 774 3952 defensione
789 3888 927 3952 monitus
944 3889 1028 3953 omni
1042 3888 1208 3954 rhetorices
1224 3891 1326 3976 (illine

183 3997 353 4079 κολωοονῆο)
377 4016 468 4079 opera
490 4015 592 4058 carcre
616 3994 713 4078 possit
736 3994 813 4076 (522
837 3991 880 4070 B,
906 3991 950 4070 O,
976 3993 1016 4078 D)
1033 4030 1078 4043 ··-
1093 3995 1196 4078 ecquis
1219 3998 1258 4081 in
1276 3997 1323 4062 his

183 4099 326 4186 politicas
356 4123 405 4189 res
440 4101 539 4184 magis
571 4122 662 4183 qnam
694 4099 826 4185 privatas
856 4100 967 4184 respici
997 4107 1103 4184 putare
1133 4101 1256 4185 potest?
1290 4101 1326 4168 Si

183 4227 277 4292 qnam
300 4208 398 4293 igitur
420 4208 627 4291 conjecturam
651 4207 683 4270 in
707 4205 764 4269 hac
785 4227 818 4269 re
840 4204 938 4268 facere
955 4204 1063 4290 liceat,
1080 4205 1203 4284 audias,
1228 4227 1324 4293 qnare

182 4320 290 4377 umere
320 4335 383 4377 non
419 4325 532 4378 temere
568 4313 642 4377 haec
674 4311 803 4377 nomina
831 4332 905 4374 suae
937 4310 1116 4397 disciplinae
1139 4314 1323 4398 imposuisse

182 4415 325 4487 Socrates
346 4419 424 4484 mihi
447 4420 595 4484 videatur.
630 4415 779 4482 Rhetores
803 4424 834 4480 ct
858 4416 1013 4502 sophistae
1028 4417 1151 4482 dicendi
1165 4421 1321 4506 magistri,

183 4523 279 4590 simol
300 4524 459 4590 scientiam
485 4524 648 4610 qnamdam
671 4530 722 4589 τοῦ
745 4524 872 4601 δικαίου,
887 4529 938 4589 τοῦ
953 4525 1067 4602 ἀγαθοῦ
1084 4525 1214 4592 aliornm
1230 4527 1323 4614 hnjns
