3030 5294
542 309 947 376 PROLEGOMENA.
1224 329 1306 374 xxm

181 517 226 582 sic
244 517 342 603 pergit
358 516 495 581 Socrates
506 521 556 581 σοῦ
570 514 729 600 (Calliclia)
744 515 768 579 δ’
777 513 843 585 loce
855 513 1046 594 ἐπιλήψονται
1056 549 1101 562 --
1112 511 1161 577 καί
1174 518 1224 578 τοῦ
1235 514 1306 590 ἐμοῦ

182 623 292 704 ἑταίρου
315 621 529 706 Ἀλκιβιοίδσυ)ι
554 621 674 686 παλαιοί
698 621 792 705 igitur
814 618 861 682 illi
883 616 1001 702 politici
1020 638 1110 702 quam
1128 617 1304 706 longissima

183 726 364 794 aberrarunt·
383 749 401 790 a
422 726 495 792 boni
519 726 636 811 politici
658 725 773 802 officio,
797 721 865 790 σ’ίνευ
884 724 944 802 ydor
962 722 1143 807 σωφροσύνης
1158 730 1189 788 et
1204 724 1307 790 δικαιο-

182 832 268 910 σύνης
290 833 426 914 λιμένων,
450 837 555 912 τειχῶν
578 867 623 882 -
645 831 693 896 καί
716 829 846 895 τοιούτων
865 833 1012 912 Φλυαριῶν
1031 830 1240 908 ἐμπεπλήκασι
1255 831 1311 905 τήν

153 979 160 990 -
184 939 269 1004 πθλιν
291 976 335 989 -
365 941 427 1002 519
453 939 490 1002 A.

230 1045 313 1109 Haec
329 1044 425 1128 igitur
436 1043 604 1121 παρασκευή
617 1062 692 1127 opus
706 1048 751 1104 est
763 1040 873 1126 cuique
884 1040 1010 1119 homini,
1022 1039 1105 1104 bono
1117 1040 1176 1105 civi
1187 1041 1306 1119 futuro,

185 1157 215 1214 et
227 1150 372 1235 privatam
384 1148 475 1211 vitam
489 1147 601 1211 viventi
614 1154 643 1211 ct
656 1145 807 1231 publicam
819 1145 938 1210 victuro
950 1155 980 1211 et
990 1146 1119 1213 viventi:
1132 1147 1308 1211 exercitatio

185 1261 236 1321 τοῦ
254 1254 391 1337 πρήσσειν
411 1260 442 1316 et
459 1250 556 1330 λέγειν
574 1252 622 1316 ce
640 1251 674 1316 τὸ
689 1251 793 1316 δίκαιον
805 1252 872 1331 πρὸς
883 1254 916 1319 τὸ
927 1251 1098 1330 βέλτιστον,
1113 1273 1150 1316 eo
1161 1252 1308 1331 consilio,
1350 1294 1356 1305 ι

188 1360 270 1445 qnod
292 1361 324 1425 in
347 1361 364 1444 p
387 1362 402 1422 l
420 1357 516 1442 hujus
531 1357 639 1442 capitis
654 1355 825 1422 ostenditur
840 1363 870 1420 et
887 1356 995 1422 deinde
1012 1357 1132 1442 saepius
1147 1359 1305 1442 repetitur.
1383 1347 1385 1352 ⁸

583 1509 720 1576 curun
748 1509 914 1610 ιιι-ενι.

188 1649 325 1717 Socrates
347 1626 446 1735 pergit
470 1649 625 1736 disputare
647 1670 717 1714 oum
741 1646 866 1713 Callicle
893 1670 990 1735 usqne
1013 1648 1051 1714 ad
1074 1647 1187 1734 dialogi
1210 1649 1308 1717 finem.

305 1773 344 1839 Οἱ
366 1771 504 1853 πολιτικοί
527 1777 559 1836 et
580 1771 604 1834 cl
627 1765 736 1851 ῥήτορες
760 1770 938 1855 (θήμννθροι)
961 1778 992 1834 et
1012 1771 1037 1835 οἱ
1059 1771 1198 1853 σοφισταὶ

522 1874 638 1941 ποιύπθν.
672 1877 748 1958 (465
774 1873 815 1952 O,
841 1877 902 1939 519
927 1875 978 1962 0).

233 1997 276 2063 Hi
299 2020 401 2062 omues
423 1996 531 2062 ταύτὸν
553 1996 570 2071 ή
591 1997 684 2076 ἐγγύς
707 2022 753 2063 τις
777 2004 947 2080 querantur
970 1997 1048 2062 enim
1072 1997 1186 2084 pariter
1205 2018 1309 2063 omnes

190 2111 221 2168 et
247 2102 419 2189 1μέμφονται
440 2102 532 2181 τούτῳ
554 2104 594 2183 τῷ
617 2101 774 2184 πρήγματι
797 2102 962 2185 (δημηγόροι
984 2101 1067 2168 πόλει
1090 2104 1228 2185 σοφισταί
1252 2125 1311 2181 μα

193 2210 305 2291 θηταῖς)
314 2257 324 2286 ,
343 2204 358 2273 ὃ
376 2195 457 2273 αὐτοὶ
473 2204 653 2282 παιδεύουσι,
669 2209 706 2280 ὥς
723 2208 837 2287 πονήρίν
854 2208 931 2273 ἐστιν
947 2209 987 2279 είς
1002 2210 1094 2291 σφοῖς.
1120 2206 1311 2274 Confitentur

191 2314 303 2378 ailiam
332 2313 364 2379 in
396 2336 428 2377 se
454 2306 575 2389 eorum,
599 2333 676 2396 quos
698 2313 757 2396 ipsi
780 2311 941 2378 docuerint
962 2319 993 2377 et
1014 2313 1179 2386 θιιιαίουςιί.
1203 2336 1228 2378 e.
1252 2335 1320 2394 me,

191 2417 281 2483 liores
302 2417 501 2493 reddiderint,
526 2415 608 2499 qnod
630 2416 772 2481 facientes
791 2417 850 2500 ipsi
870 2424 1002 2501 arguunt
1021 2439 1110 2482 sunm
1130 2418 1309 2496 ἐπιτήδευμα

192 2545 252 2588 non
283 2545 345 2587 esse
376 2528 469 2585 artem
501 2520 552 2584 sed
582 2518 690 2598 οίλονον
722 2523 868 2602 πρᾶγμα,
905 2543 967 2586 non
998 2523 1131 2598 clauicula
1160 2515 1313 2599 πολιτικήν

192 2649 289 2711 neque
318 2627 450 2702 ἀληθινήν
480 2627 637 2707 ῥητορικήν,
662 2648 753 2711 seque
775 2627 836 2712 ipsi
858 2628 1004 2693 αἰτιῶνται
1026 2624 1071 2694 θτι
1093 2627 1170 2694 οὐδέν
1193 2628 1309 2712 ὠφελή-

193 2756 275 2798 ιιασιν
297 2729 342 2804 οὕς
366 2738 458 2814 φασιν
481 2734 621 2815 occutus
645 2732 671 2796 si
693 2732 762 2815 quis
777 2731 865 2810 ,enim
888 2734 1011 2813 ἀφαιρεῖ
1025 2734 1078 2808 τήν
1092 2734 1219 2818 οὶδιιιίαν,
1236 2735 1312 2802 οὐδέν

194 2837 278 2904 δεινὸν
308 2839 403 2918 αὐτῷ,
433 2837 475 2915 μή
506 2838 573 2902 ποτ’
599 2826 723 2918 ἵν’ίικήθή
750 2837 798 2901 ὑπ’
820 2838 1021 2919 ἀφαιρεθέντος
1043 2841 1096 2914 τήν
1117 2840 1230 2905 ιὲδικίαν
1249 2865 1312 2905 -r
1380 2855 1383 2857 ’

145 3022 150 3026 ᾗ
195 2943 310 3028 siquis
333 2941 471 3007 docuerit
493 2940 573 3007 ὅντιν’
597 2939 633 3006 clo
653 2965 698 3013 τις
720 2940 820 3023 τρίπον
843 2943 881 3015 ὥς
904 2943 1057 3022 βέλτιστος
1080 2943 1121 3021 ela
1144 2945 1193 3010 καί
1209 2943 1314 3027 ἄριστα
1409 2965 1412 2973 ·

195 3049 247 3123 τήν
277 3049 365 3114 αὑτοῦ
392 3048 480 3112 οίιοίαν
503 3047 610 3121 διοικοίιι
633 3046 651 3123 ή
674 3047 774 3133 πόλιν,
797 3061 843 3111 est
865 3046 938 3112 haec
960 3047 1031 3128 μθνιρ
1054 3055 1109 3115 τῶν
1132 3053 1311 3132 εὐεργεσιῶν,
1348 3055 1349 3060 ’

197 3175 274 3240 qnae
303 3154 351 3219 rto
381 3148 412 3219 εὗ
434 3149 548 3218 παθόντ’
572 3152 719 3230 ἐπιθυμεῖν
740 3158 818 3218 ποιεί
836 3152 901 3218 ator
923 3147 955 3220 εὖ
977 3161 1083 3234 ποιεῖν,
1104 3155 1149 3220 ita
1170 3164 1206 3221 nt
1227 3158 1315 3223 καιιθν
1368 3191 1370 3195 ·

197 3259 238 3324 ait
265 3264 397 3337 σημείου,
429 3257 455 3322 si
477 3259 491 3323 ὃ
514 3251 545 3323 εὖ
567 3258 688 3334 ποιήσας
712 3256 821 3334 ταύτην
844 3261 894 3335 τήν
918 3260 1084 3340 εὐεργεσίαν
1107 3281 1168 3326 non
1191 3262 1256 3329 ἄντ’
1280 3259 1313 3339 εὖ,

136 3388 137 3392 ’
197 3364 330 3431 πείσεται
352 3399 396 3414 --
423 3364 547 3430 521A2
681 3371 684 3373 ’

580 3500 718 3566 CAPUT
740 3501 877 3568 v-cel
902 3504 942 3571 D.

381 3705 384 3711 ,
434 3637 504 3706 Ἐπί
531 3640 660 3725 ποτέραν
693 3649 746 3716 τῆς
779 3601 889 3714 τέλεος
923 3644 1074 3727 θεραπείαν

504 3758 644 3827 Callicles
666 3769 836 3843 παρακαλεῖ
855 3761 1016 3831 Socratem.
1089 3815 1093 3819 a

244 3881 383 3949 Callicles
416 3882 520 3963 (sicuti
548 3883 580 3948 in
605 3885 667 3949 513
691 3882 730 3969 0)
752 3905 851 3968 neque
874 3907 956 3951 nnnc
977 3885 1094 3952 Socrati
1116 3889 1264 3968 πείθεται,
1286 3896 1317 3954 et

200 3994 371 4070 παρακαλεῖ
396 4009 466 4057 eum
495 4009 557 4052 non
587 3988 624 4053 ad
648 3989 697 4063 τήν
720 3989 871 4070 θεραπείαν
893 3992 945 4067 τήν
966 3998 1016 4058 τοῦ
1038 3991 1236 4075 διαμάχεσθαι
1258 4000 1316 4067 τοῖο

200 4094 355 4168 Ἀίήναίοις
377 4089 451 4163 ἕποι’
473 4094 510 4166 ὥς
533 4092 681 4170 βέλτιστοι
703 4094 830 4173 ἔσονται,
854 4095 906 4160 sed
930 4096 967 4161 ad
990 4099 1041 4173 τήν
1064 4100 1217 4174 ιιολαιιικήν
1239 4102 1317 4180 ῥητο-

202 4202 277 4282 ρικήν
308 4199 371 4262 sive
400 4197 438 4262 ad
451 4280 454 4284 Α
467 4197 516 4263 τὸν
541 4204 592 4265 τοῦ
615 4199 832 4277 πολιτευομένου
856 4199 919 4285 (τοῦ
942 4202 1066 4290 ῥήτορος)
1087 4203 1150 4280 βίον
1172 4196 1249 4289 (500
1274 4201 1315 4281 Ο,

203 4307 267 4369 526
296 4300 353 4385 E),
385 4324 423 4366 ne
458 4324 518 4387 qua
540 4303 668 4387 injuria,
692 4326 730 4368 ne
752 4311 847 4369 morte
870 4295 907 4368 ab
930 4305 967 4369 iis
990 4306 1144 4372 afficiatur.
1181 4307 1317 4374 Socrates
1422 4370 1425 4377 ,

201 4430 265 4476 nou
287 4413 378 4493 negat
399 4406 477 4472 hanc
500 4416 610 4474 sortem
634 4407 693 4473 sibi
714 4409 838 4475 fortasse
854 4409 1040 4496 impendere,
1059 4433 1091 4478 sc
1109 4421 1226 4491 autam,
1244 4409 1317 4480 siin

180 4513 350 4603 *judicium
372 4513 522 4597 rapiatur,
545 4524 626 4596 nerto
649 4514 725 4579 scire
747 4513 821 4579 dicit
843 4511 885 4580 θτι
907 4553 952 4565 -
975 4518 1089 4601 πονηρός
1110 4522 1154 4596 τίς
1176 4544 1216 4599 με
1234 4519 1317 4585 ἔσται
