3030 5294
169 329 325 396 '150·
442 375 444 381 -
647 328 928 395 PLATONIS
1019 317 1025 329 ’

273 531 444 597 LXXXIII.
475 531 557 611 Ἐμοί
579 527 624 598 οὖν
647 531 807 614 πειθθμενος
830 531 1016 605 οὶκολοθθνσον
1038 531 1180 607 ἐνταῦθα,
1205 525 1237 594 cI
1251 519 1361 612 αφικθ-

228 661 311 715 μενος
341 639 549 716 εὐδαιμονήσεις
573 637 627 704 καί
658 636 710 719 ζῶν
741 638 788 702 καί
819 637 1016 716 τελευτήσας,
1046 639 1083 708 ῶς
1113 637 1126 701 θ
1158 635 1242 707 [σὸς]
1266 633 1360 711 λόγος

228 743 369 820 σημαίνει.
393 742 442 807 καί
465 743 548 809 ἔασθν
570 743 636 808 τινοί
657 767 708 808 σον
731 751 950 824 καταφρονῆσαι
973 744 1009 814 ῶς
1031 743 1148 816 οὶνοήτον
1170 727 1220 806 καὶ
1248 765 1361 823 προπη-

227 848 365 926 λακίσαι,
396 848 446 912 sav
473 848 616 925 βούληται
627 896 636 925 ,
667 848 716 913 καί
744 848 789 912 ναί
816 848 863 925 μθι
888 848 948 912 Δία
971 846 1007 912 σθ
1030 872 1067 925 γε
1090 850 1190 926 θαρρῶν
1216 838 1391 924 παταξαιῙ)
1459 836 1463 845 ’

227 954 279 1035 τήν
308 951 411 1030 ἔντιμον
440 938 551 1028 παθτήν
581 954 708 1029 πληγήν·
735 953 811 1018 οὐδὲν
835 953 893 1031 γὰρ
917 953 1001 1018 δεινὸν
1024 953 1134 1036 πείσει,
1156 953 1208 1017 ε’ίιν
1230 954 1272 1033 τῷ
1297 951 1355 1018 ὄντι

200 1050 204 1061 ’
228 1054 262 1146 ής·
282 1058 372 1130 καλῶς
394 1058 540 1137 κῶγαθὸς,
571 1060 665 1124 ῶσκῶν
686 1059 801 1139 αἱρετήν.
824 1056 936 1123 κᾶπειθ’
957 1057 1028 1124 obre
1051 1068 1126 1139 κοινή
1147 1059 1354 1136 ἀσκήσαντες,

227 1159 288 1228 τίν’
320 1163 385 1239 sila,
416 1163 467 1227 ε’θιν
493 1164 558 1246 δοκῇ
580 1173 704 1245 χρῆναι.
728 1162 918 1241 ε’πιθήσθμεθα
940 1170 999 1234 τοῖς
1021 1171 1192 1240 πολιτικοῖς,
1219 1164 1354 1239 ήθποῖον
1425 1164 1428 1171 ’

199 1274 201 1281 ’
227 1265 264 1332 tv
294 1293 322 1333 τι
350 1272 418 1346 ήμῖν
443 1269 531 1350 δοκή,
557 1271 623 1334 πθπε
646 1269 879 1350 βουλευσόμεθα,
904 1269 1037 1347 βελτίους
1060 1268 1137 1340 ὄντες
1159 1268 1352 1346 βουλεύεσθαι

227 1374 245 1455 ή
274 1380 330 1439 νῦν.
363 1375 482 1455 αίσχρθν
512 1375 571 1456 reip
599 1374 723 1454 ἔχοντας
754 1378 785 1453 μ’
807 1377 844 1446 ῶς
876 1380 923 1440 νῦν
953 1373 1104 1456 φαινόμεθ’
1127 1372 1222 1456 ἔχειν,
1246 1375 1352 1440 ἔπειτα

226 1479 414 1544 νεανιεύεσθαι
437 1478 472 1552 ῶς
495 1504 524 1545 τι
546 1481 647 1556 θνπας,
671 1476 711 1551 οἷς
731 1480 865 1546 οὐδέποτε
889 1481 987 1545 ταῶτθι
1007 1480 1083 1544 δοκεῖ
1096 1479 1158 1559 περὶ
1175 1481 1349 1556 τῶναύτῶν,

226 1584 275 1650 καί
305 1591 405 1651 ταῦτα
436 1586 497 1665 περί
529 1592 584 1650 τῶν
610 1586 768 1663 μεγίστων·
795 1587 834 1657 εἷς
857 1590 988 1650 τοσοῦτον
1011 1582 1113 1662 ήκομεν
1134 1572 1383 1658 ῶπαιδενσίαςίΕ

225 1687 318 1771 ῶσπερ
347 1685 393 1756 οὖν
423 1690 542 1768 ήριεμθνι
573 1693 613 1772 τῷ
643 1691 723 1771 λθνῳ
744 1691 919 1771 χρήσῶμεθα
942 1691 982 1770 τῷ
1005 1697 1052 1755 νῶν
1075 1689 1299 1773 παραφανέντι,
1321 1688 1350 1764 tr

204 1799 294 1873 ,ήμῖν
315 1795 465 1874 σνμοιίνει,
489 1794 532 1860 θτι
555 1793 634 1866 οὗτος
658 1797 672 1862 θ
695 1795 795 1876 τρίτος
817 1793 932 1875 ἄριστος
953 1802 1004 1861 τοῦ
1023 1796 1105 1872 βίον,
1124 1796 1171 1860 καί
1184 1797 1236 1871 τήν
1248 1797 1352 1862 δικαιο-

179 1952 185 1962 ,
226 1899 309 1976 σθνιρν
330 1902 379 1966 καί
402 1903 454 1975 τήν
475 1881 570 1975 θλλνν
590 1902 694 1982 αἱρετήν
716 1903 878 1971 ἀσκοῦντας
898 1901 947 1965 καί
967 1899 1017 1981 ζήν
1037 1899 1352 1983 salesbirensem

225 2000 272 2071 οὗν
288 2007 454 2084 ιἑποίμεθα,
486 2006 534 2070 καί
565 2005 631 2077 τοὺς
661 2005 768 2077 ἄλλους
800 2011 1037 2088 παρακαλῶμεν,
1066 2009 1108 2086 μή
1135 2008 1244 2093 ἕκείνιρ,
1268 2003 1291 2090 ᾧ
1315 2015 1351 2074 σὺ

226 2113 367 2187 πιστεύων
388 2111 440 2201 ἐμὲ
463 2117 656 2191 παρακαλεῖς·
680 2111 740 2177 ἔστι
763 2114 822 2194 νῶρ
844 2111 950 2184 οὐθενὸς
972 2093 1071 2189 ιθξιος,
1093 2108 1115 2177 ὦ
1136 2115 1327 2186 Καλλίκλεις.

257 2339 290 2350 -
299 2310 408 2365 Βκαὶ-
417 2312 476 2377 ruys
483 2316 571 2381 θαρρῶν
578 2313 682 2370 πατάξαι
688 2318 765 2372 τήν-
812 2316 898 2361 notam
915 2325 987 2378 saepe
1002 2312 1030 2362 in
1042 2313 1168 2390 superiore
1182 2328 1297 2367 sermone
1306 2314 1351 2366 sd·
1372 2344 1375 2350 ·

226 2380 332 2444 πληγήν]
374 2378 528 2443 Interpretes
555 2377 616 2426 haec
644 2378 765 2441 corrigere
811 2378 918 2426 hibitam
942 2393 996 2447 non
1018 2378 1159 2441 sigmfleare
1181 2393 1233 2429 non
1257 2386 1350 2448 potest

108 2495 112 2499 .
226 2449 344 2495 oonmtes
360 2444 423 2494 mire
436 2443 594 2493 infestarunt.
613 2443 764 2493 Nonassen·
811 2444 896 2505 Quam
920 2444 971 2494 vim
992 2451 1034 2496 τοῦ
1049 2443 1112 2504 νῶτος
1128 2445 1164 2495 sie
1181 2445 1259 2510 positi
1275 2463 1350 2500 namo

133 2527 135 2532 ·
225 2510 314 2560 tientes
325 2510 455 2577 reponenti
463 2513 501 2561 ἐπί
508 2530 534 2574 ys
543 2509 764 2578 adppartriaverba
809 2511 915 2574 ignorat.
942 2509 1072 2577 Superest,
1090 2515 1120 2562 ut
1136 2512 1167 2561 de
1178 2517 1272 2582 tappete
1281 2516 1350 2565 dica·
1412 2516 1415 2524 “

225 2591 272 2643 pro
285 2577 366 2626 tribus
382 2579 441 2641 atys
451 2581 553 2647 θαρρῶν,
564 2579 669 2639 aequato
679 2575 763 2625 Marte
810 2592 874 2625 mus.
897 2576 977 2626 Mitto
992 2575 1101 2626 refutare
1110 2583 1245 2642 nugantes,
1256 2582 1349 2646 quiex.

225 2645 348 2693 wtamen
364 2643 487 2701 inierunt,
504 2642 576 2692 alteri
590 2644 709 2707 πάταξαι,
727 2641 762 2691 al·
808 2658 846 2706 gr.
858 2647 922 2695 iactr
932 2663 958 2694 οι
968 2647 1026 2708 post
1038 2649 1125 2712 θαρρῶν
1134 2644 1243 2710 intelligi
1248 2649 1349 2712 jubent.

225 2708 273 2758 teri
288 2711 392 2768 πατάξαι
409 2724 494 2758 verum
510 2724 563 2758 esse
578 2708 762 2757 contendentes.
809 2708 882 2770 Quid
897 2709 995 2759 multa?
1012 2709 1206 2774 Exquisitumne
1222 2718 1350 2784 θαρριῐντι
1382 2761 1384 2765 .

210 2773 280 2838 ·1lgo
307 2779 409 2824 neutros
435 2778 565 2824 secaturus
590 2775 634 2823 sed
658 2789 761 2839 prorsus
809 2790 833 2824 v.
842 2792 863 2824 c.
873 2780 965 2828 θάνατον
974 2775 1234 2845 (ἰοΡίιᾱοοο),ραχρν
1242 2780 1260 2828 i.
1269 2795 1349 2831 anos

225 2839 299 2893 sliam
325 2841 391 2890 riam
411 2840 567 2903 ingressurus
583 2855 643 2903 rogo
660 2840 762 2889 tandem
809 2841 898 2903 ἰραοος
908 2841 1079 2909 reformidare
1089 2848 1205 2900 merum,
1216 2849 1349 2909 ριιρινοννιθ

225 2921 303 2957 cesses
328 2907 413 2956 mirari
438 2906 582 2964 sudacIsm,
607 2921 683 2970 quam
707 2905 761 2971 cepi
810 2906 891 2956 Sicuti
906 2908 982 2957 etiam
998 2907 1086 2957 dicunt
1102 2917 1234 2978 τρέμιινιι.
1257 2912 1348 2978 Itaque

157 3019 160 3026 .
224 2972 449 3039 argumentationes
472 2972 608 3022 Socraticas
629 2972 761 3037 explorans
808 2973 1348 3028 hanodemnmooncinnamsententiamPla·

224 3043 251 3089 et
266 3039 405 3090 emendans.
430 3038 485 3100 Qui
498 3038 760 3088 enimnonabstinne-
809 3040 864 3088 toni
880 3039 993 3089 reddidi:
1017 3043 1149 3105 κίθαρον
1166 3043 1225 3091 decr
1233 3045 1349 3106 sortiter

224 3110 285 3155 runt
308 3107 339 3155 sb
363 3106 404 3154 his
428 3120 531 3171 prorsus
554 3111 758 3173 ἀμιταρράπτοις,
802 3108 849 3168 fer
861 3105 1050 3168 ignominiorum
1062 3107 1138 3156 irtam
1144 3108 1268 3172 plagam.-
1281 3111 1349 3160 auu

224 3171 252 3221 in
268 3171 363 3236 reliqua
376 3171 415 3221 vel
426 3172 516 3236 majori
526 3171 626 3229 licentia
637 3176 759 3234 grassatos
808 3171 873 3220 enim
889 3170 953 3221 mali
970 3171 1018 3220 tibi
1034 3171 1143 3232 αοοθῶοθ,
1159 3174 1184 3223 si
1200 3191 1291 3226 reem
1307 3177 1349 3226 θο-

224 3254 289 3296 esse,
304 3239 356 3303 jam
368 3253 514 3303 persuasum
525 3236 612 3287 habeo.
629 3237 759 3287 Platonem
807 3254 853 3286 ιιιιι
866 3238 902 3286 sia
915 3238 1032 3298 virtutem
1046 3239 1138 3288 οοίαναι.
1151 3241 1209 3290 Non
1217 3242 1348 3307 est,quod

224 3304 303 3368 igitur
318 3304 448 3370 scripsisse
464 3303 587 3352 contendo
603 3329 636 3340 -
653 3308 690 3354 ἐὰν
705 3304 758 3370 βοῶ·
808 3304 907 3353 afferam
932 3304 1014 3365 locos,
1042 3320 1105 3369 quos
1136 3321 1220 3356 omnes
1245 3314 1348 3358 norunt.

225 3374 300 3428 ληται·
325 3375 361 3422 καί
378 3376 412 3422 ναὶ
428 3376 464 3435 μὰ
481 3374 521 3421 Δία
539 3371 564 3420 οὐ
580 3391 606 3432 γε
625 3374 704 3437 θάρρει
721 3377 760 3426 τὴν
808 3369 909 3419 Nemini
924 3370 1010 3419 saitem
1025 3385 1076 3420 nou
1086 3373 1211 3423 succurrit
1216 3374 1271 3438 jum
1279 3376 1348 3440 apud

225 3442 308 3502 ἄτιμον
331 3439 414 3495 ταύτην
438 3440 529 3500 πληγήν·
552 3438 611 3487 οὐδὲν
634 3441 679 3504 γὰρ
696 3437 761 3486 δεινὸν
808 3435 948 3485 Homerum
965 3436 1053 3486 obvius
1069 3437 1098 3487 in
1114 3437 1204 3503 Odyss.
1222 3441 1236 3488 8
1252 3456 1276 3492 v.
1291 3442 1347 3493 197.

225 3500 298 3554 πείσει
322 3506 368 3555 ari.
398 3502 525 3551 Nimirum
541 3502 609 3566 quod
626 3501 760 3565 sexcenties
808 3529 841 3540 -
858 3505 883 3553 σὺ
900 3505 924 3552 δὲ
940 3507 1019 3618 unificat
1035 3504 1096 3554 τόνδε
1111 3501 1133 3568 ρ’
1149 3509 1232 3556 ἄεθλοι-
1250 3532 1283 3546 ·-
1298 3507 1348 3557 Po·

224 3567 336 3618 ieoerunt
360 3569 387 3617 in
411 3567 666 3632 argumentationibus
687 3572 713 3616 et
733 3566 760 3615 in
809 3573 900 3618 stremo
917 3568 945 3617 in
999 3567 1061 3627 οὗτος
1078 3573 1090 3621 θ
1106 3577 1188 3638 τρίπος
1202 3577 1349 3641 ἅριστοςτοῦ

224 3632 270 3691 iis,
286 3649 350 3698 quse
365 3633 608 3697 argumentationum
623 3648 697 3698 opera
708 3648 760 3681 eor-
808 3638 871 3702 βίον,
890 3639 928 3686 καί
944 3645 984 3695 τήν
1001 3637 1186 3696 tirasnoensi
1204 3665 1237 3677 -
1254 3645 1292 3692 καὶ
1309 3650 1349 3705 ζῆν

224 3699 334 3749 reximus
351 3715 388 3749 ex.
405 3716 441 3762 gr.
457 3701 484 3750 in
504 3702 550 3749 525
568 3700 604 3759 Β,
619 3699 761 3763 et,dequo
808 3705 846 3753 rat
862 3705 963 3753 τεθνάναι
989 3702 1136 3752 recentiores
1152 3720 1266 3770 perverse
1281 3722 1347 3758 rece·

225 3766 281 3815 lcoo
304 3766 379 3815 modo
404 3765 528 3823 vidimus,
552 3766 580 3814 in
606 3766 651 3817 527
679 3764 698 3813 0
724 3769 761 3816 >tal
807 3771 899 3832 parunt
924 3772 975 3834 nal,
1002 3769 1070 3832 quod
1092 3773 1130 3819 est
1152 3775 1210 3836 post
1230 3776 1298 3839 μίαν,
1317 3789 1348 3824 ex

226 3835 307 3896 κολαζθ
326 3853 370 3884 ανον
385 3834 465 3883 διδόναι
483 3835 553 3896 δίκην,
571 3831 638 3881 idem
654 3830 761 3879 hioausi
808 3833 923 3910 plurimis
950 3834 1095 3894 codicibus,
1114 3837 1242 3901 ,opinione
1273 3841 1349 3890 semel

225 3854 381 3948 sautiare.
398 3899 541 3965 Adseripsit
549 3897 639 3962 aliquis
648 3900 759 3956 πατάξαι.
808 3899 914 3958 imbuti,
936 3900 967 3948 ab
986 3904 1021 3952 ὅτι
1037 3916 1081 3967 per
1097 3902 1284 3955 anacolutbiam
1300 3907 1350 3957 sei·

225 3965 285 4027 Quo
301 3965 329 4014 in
344 3969 441 4016 textum
458 3965 555 4013 invecto
567 3965 760 4014 succurrendum
807 3964 866 4014 licet
887 3965 920 4014 ad
941 3966 1095 4016 infinitivum
1117 3968 1152 4017 im
1171 3970 1291 4021 rudentes
1308 3972 1351 4024 ds·

224 4038 277 4081 arat
288 4032 476 4082 constructioni.
488 4029 578 4096 Itaque
586 4046 615 4080 ex
623 4036 702 4099 θάρρει
711 4029 760 4078 iac-
804 4031 858 4080 labi
874 4036 986 4090 auctores
1009 4032 1114 4082 Atticos.
1173 4035 1219 4085 uid
1235 4038 1350 4090 mirum?

225 4103 281 4148 tum
292 4104 386 4168 θαρρῶν.
403 4098 572 4162 Antiquornnr
585 4097 675 4161 aliquis
684 4096 760 4146 inter·
809 4097 895 4161 Neque
911 4098 1005 4148 scribae
1021 4099 1137 4150 viderunt
1153 4101 1277 4166 optimam
1291 4121 1351 4156 eon-

169 4186 171 4188 *
225 4181 281 4230 pres
297 4181 383 4214 vocem
393 4168 497 4224 πατάξαι
507 4163 760 4220 ὀοοίᾱοοκνὶῒ,νθοοο-
809 4163 971 4213 structionem
995 4166 1129 4215 accusativi
1145 4183 1204 4216 oum
1220 4169 1352 4222 infinitivo

121 4285 129 4299 ·
157 4245 159 4247 ’
225 4231 317 4280 tiorum
341 4230 431 4295 aliquis
454 4246 526 4280 voces
543 4234 580 4281 tal
596 4237 637 4297 κθρ
666 4252 684 4286 ς.
713 4228 762 4278 Sed
809 4235 867 4297 post
891 4230 1040 4290 dictionem,
1064 4233 1205 4297 cujusmodi
1228 4241 1269 4285 est
1287 4237 1354 4298 οὗτος

177 4304 180 4308 ’
225 4301 276 4346 tres
301 4297 347 4345 has
370 4313 442 4346 voces
466 4301 589 4362 respuunt
613 4250 759 4358 arijictivum
810 4300 925 4364 ὸτρθπος.
943 4296 1029 4346 Nolim
1040 4297 1105 4347 enim
1116 4314 1158 4348 sus
1177 4299 1354 4368 icari,quem-

226 4369 309 4428 ἄτιμον
325 4367 350 4412 et
365 4379 502 4428 pronomen
516 4364 610 4421 ταὺτηνε
624 4362 688 4410 illud
696 4361 762 4410 enim
810 4378 885 4424 quam
900 4367 988 4427 putare
1001 4363 1066 4412 illud
1080 4369 1116 4415 καὶ
1130 4315 1215 4415 τοίθιονὶ
1229 4384 1307 4434 posse
1320 4371 1354 4421 ad

226 4437 265 4490 τὴν
280 4434 317 4480 ἐπὶ
333 4437 415 4500 κόρρης
431 4433 526 4496 πληγὴν,
539 4430 587 4478 hoc
597 4428 762 4493 aimistam
810 4436 850 4487 τὴν
867 4430 1006 4488 δοκαιοσθνιρν.

692 4623 884 4636 Μ
