3030 5294
518 304 924 376 rsosneounnr.
1205 329 1304 405 ιω

149 531 187 575 ea
208 531 272 574 una
294 530 365 573 oum
392 497 558 595 disputatis
574 510 613 575 de
628 509 833 593 sophistarum
848 512 1001 579 rhetorica
1016 515 1289 582 considerabimus.

148 613 243 696 Quod
266 615 402 681 secundo
425 615 494 681 loco
517 616 737 701 aggrediamur.

100 756 103 760 ·
194 722 242 789 De
258 723 464 807 sophistarum
479 723 631 788 rhetorica
640 722 834 806 paucissimis
846 722 1003 789 absolvere
1014 725 1202 808 poterimus,
1217 727 1291 813 quia

147 851 227 915 quae
251 827 289 893 de
312 829 368 910 hac
392 828 591 913 disputentur
613 851 675 893 non
701 838 774 895 sunt
790 829 929 895 involuta
944 836 976 894 et
991 829 1136 899 facillime
1152 855 1190 899 ex
1204 831 1291 901 brevi

147 934 264 1019 dialogi
292 942 459 1018 conspeetu
481 943 721 1019 cognoscuntur.
756 935 904 1021 inspicias
919 934 1012 1002 modo
1028 937 1103 1023 (lap.
1120 939 1148 1005 Ι.
1166 939 1288 1008 Sectl'

147 1042 208 1127 §1
241 1047 273 1105 et
304 1043 323 1104 8
353 1048 383 1104 et
413 1039 486 1126 Gap.
511 1041 546 1107 Π
570 1049 600 1107 et
622 1043 686 1123 tv,
711 1050 748 1108 ut
769 1041 828 1107 tihi
852 1040 1053 1128 persuadeas,
1077 1043 1234 1112 Socratem
1254 1045 1289 1114 id

148 1146 267 1231 ubique
290 1168 378 1241 agere
400 1153 436 1210 ut
459 1146 648 1214 demonstret
671 1150 875 1235 sophistarum
898 1149 1080 1215 rhetoricam
1097 1147 1289 1231 cesaristam

100 1290 104 1294 >
148 1257 298 1336 πρᾶγμα,
322 1254 550 1337 quasipartem
572 1264 625 1331 τῆς
643 1263 863 1331 marcescentis.
887 1253 1065 1334 Rhetorica,
1081 1257 1226 1340 politica,
1243 1279 1292 1325 so·

147 1360 280 1446 phistica
302 1373 421 1440 (omnes
445 1367 505 1425 tres
527 1361 650 1441 ταύτὸν)
674 1362 788 1446 pariter
810 1361 884 1440 artis
907 1362 1031 1426 nomine
1060 1383 1187 1448 prorsus
1212 1363 1292 1433 indi.

147 1489 227 1553 gnae
249 1475 332 1532 sunt.
364 1464 474 1550 Neque
498 1467 641 1551 privatim
663 1490 764 1552 neque
787 1466 910 1552 publice
932 1467 989 1530 ulli
1013 1465 1096 1534 bono
1112 1468 1184 1534 usui
1199 1476 1290 1548 suut,
1393 1459 1396 1463 ’

149 1572 202 1638 sed
229 1579 336 1638 contra
367 1572 522 1657 perniciei}
561 1573 649 1638 Idem
668 1572 880 1658 judicandum
904 1571 942 1638 de
966 1573 1020 1653 iis,
1046 1596 1125 1658 quae
1148 1560 1290 1642 Socrates
1363 1552 1369 1561 ¹

148 1680 183 1744 in
206 1677 280 1764 (lap.
303 1677 364 1742 HI.
387 1679 406 1763 d
424 1683 443 1742 a
461 1684 491 1743 et
508 1680 526 1742 3
544 1678 582 1742 de
597 1678 756 1761 Miltiade,
773 1678 892 1743 Pericle
908 1677 1038 1763 aliisque
1054 1679 1189 1764 politicis
1206 1679 1291 1747 dicit.

148 1783 281 1850 Omnem
311 1785 438 1848 omnino
468 1784 577 1849 horum
612 1790 642 1849 et
668 1784 806 1870 reliquae
830 1783 975 1866 antiquae
997 1783 1113 1869 gloriae
1136 1785 1290 1851 existima·

148 1890 266 1957 tionem
290 1896 321 1955 et
345 1889 579 1957 admirationem
603 1912 639 1956 ex
663 1874 838 1955 auditorum
855 1890 965 1954 animis
981 1891 1116 1957 eximens
1132 1913 1168 1956 ae
1185 1891 1290 1958 delens
1344 1957 1346 1961 .

147 1998 242 2063 etiam
266 1997 377 2063 horum
400 1996 583 2061 rhetoricam
607 2005 637 2061 et
660 1997 817 2083 politicam
841 2017 965 2081 prorsus
988 1996 1108 2062 nullius
1131 2019 1207 2064 usus
1222 2001 1309 2064 essc'
1365 1982 1369 1987 ¹

148 2103 358 2180 demonstrat,
390 2101 475 2187 ipsos
503 2102 689 2167 miserrimae
720 2101 906 2168 conditionis
938 2107 1098 2181 auctores,
1131 2101 1170 2167 ad
1198 2123 1291 2188 quam

150 2210 387 2275 Atheniensium
419 2209 572 2273 civitatem
601 2208 756 2293 delapsam
787 2207 928 2292 deploret
959 2209 1088 2273 exitium
1120 2209 1186 2294 ejus
1208 2230 1294 2294 prae·

150 2316 281 2402 ragiens.
325 2314 397 2396 Quo
425 2314 540 2400 majore
563 2316 643 2378 enim
664 2315 733 2399 jure
756 2313 868 2398 aliquis
892 2335 938 2378 ex.
963 2335 1007 2398 gr.
1031 2313 1164 2378 Pericles
1186 2335 1294 2380 seeun-

149 2422 223 2487 dum
248 2421 342 2485 Phdr.
365 2423 429 2485 269
455 2418 482 2483 Ε
504 2420 686 2492 τελεώτατος
709 2421 749 2492 εἷς
771 2421 823 2495 τὴν
844 2421 988 2501 ῥητορικὴν
1003 2419 1021 2483 i.
1039 2441 1063 2484 e.
1077 2417 1291 2498 inpetitorum

149 2530 262 2602 πειθοῦς
285 2527 455 2608 δημιουργὸς
478 2525 540 2590 diei
562 2533 664 2611 potest
687 2534 717 2590 et
737 2546 841 2591 revera
856 2526 933 2602 fuit,
951 2546 987 2588 eo
1006 2525 1102 2608 magis
1118 2523 1291 2592 secundum

149 2634 305 2719 disputata
327 2633 360 2696 in
383 2631 726 2717 Gorgia-(olt-sle)
751 2630 943 2717 culpandus,
969 2630 1053 2715 quod
1076 2629 1213 2714 neglexit
1238 2651 1287 2695 ve·

148 2762 212 2806 ram
236 2739 368 2804 civitatis
392 2739 536 2814 salutem,
561 2759 662 2801 veram
684 2738 800 2802 civium
822 2736 1017 2813 felicitatem,
1040 2736 1137 2813 staec
1161 2733 1229 2818 πρὸς
1252 2735 1288 2802 τὸ

149 2843 261 2923 ἥδιστον
284 2864 347 2909 non
370 2843 440 2923 πρὸς
461 2844 494 2909 rb
517 2843 674 2920 βέλτιστον
696 2843 717 2907 i.
734 2865 760 2907 e.
785 2865 848 2907 non
871 2843 1046 2920 δημιουργῶν
1065 2832 1242 2915 δικαιοσύνῃ)
1258 2849 1290 2907 et

149 2949 332 3032 σωφροσύνην
354 2949 567 3034 reliquamque
590 2950 735 3013 virtutem
760 2949 838 3034 (517
863 2950 915 3031 Α).
956 2946 1026 3011 Jam
1050 2947 1125 3030 quid
1149 2947 1288 3011 Socrates

150 3056 208 3121 sibi
233 3056 301 3119 vult
320 3057 353 3119 in
370 3053 514 3119 omnibus
531 3055 579 3118 his
601 3061 633 3118 et
650 3054 777 3142 reliquis
797 3055 829 3119 in
851 3053 967 3137 Gorgia
986 3052 1150 3138 disputatis
1169 3052 1207 3116 de
1223 3051 1291 3116 illo·

148 3185 217 3228 rum
240 3149 394 3226 rhetorica
415 3160 636 3245 velpolitica?
663 3159 769 3225 Unum
793 3160 867 3237 hoc,
892 3166 928 3224 ut
950 3181 1016 3223 eam
1041 3159 1128 3243 quasi
1151 3158 1286 3238 aboleat,

150 3267 240 3331 aliam
264 3273 378 3345 artem,
402 3288 505 3330 veram
527 3266 729 3341 rhetoricam,
745 3286 861 3334 ,veram
883 3264 1039 3348 politicam
1064 3263 1234 3328 traditurus
1257 3269 1290 3327 et
1419 3271 1423 3279 '

151 3371 345 3437 auditoribus
368 3372 562 3456 probaturus.
591 3369 684 3450 Quod
707 3370 733 3434 ei
749 3376 829 3435 recte
845 3370 994 3446 vidimus,
1011 3368 1105 3454 hujus
1121 3391 1207 3434 verae
1222 3367 1290 3442 rhe-

150 3479 261 3543 toricae
292 3477 459 3561 exploratio
483 3476 599 3560 dialogi
621 3476 725 3540 thema
746 3474 836 3540 nobis
860 3475 976 3559 aperiat
998 3494 1119 3539 neeesse
1143 3480 1200 3541 est.
1241 3473 1290 3538 De
1408 3564 1409 3567 Ἴ

76 3592 89 3606 ”
151 3605 212 3669 qua
235 3584 367 3665 denique
391 3581 484 3667 paulo
507 3582 633 3646 uberius
657 3580 830 3645 dicendum.

194 3690 332 3753 Socrates
355 3712 372 3752 e
395 3689 528 3772 Gorgiae
552 3687 641 3751 dictis
665 3686 854 3753 occasionem
877 3685 955 3769 petit
977 3707 994 3749 a
1016 3690 1170 3751 vera-arte
1186 3683 1286 3751 rheto-

150 3794 212 3861 rica
233 3794 411 3859 exordiendi
433 3795 466 3858 in
490 3794 565 3878 Cap.
589 3794 613 3857 I.
637 3792 718 3857 Sect.
742 3791 769 3858 Ι.
792 3793 809 3876 q
836 3796 855 3857 2
879 3792 959 3871 (508
984 3790 1041 3875 Ο),
1067 3790 1168 3876 qualis
1193 3812 1228 3855 ea
1246 3790 1288 3856 sit

152 3908 182 3965 et
211 3900 291 3965 cirea
318 3904 394 3985 quas
417 3923 464 3964 res
487 3906 640 3976 versetur,
664 3899 818 3983 copiosius
843 3897 1037 3981 exposituros
1061 3897 1094 3963 in
1118 3896 1193 3980 Cap.
1218 3894 1285 3976 III,

151 4006 233 4089 quod
263 4007 364 4090 ipsum
388 4013 488 4071 totum
513 4004 677 4071 inscribere
701 4004 819 4090 possis:
850 4006 898 4071 De
920 4025 990 4069 uere
1011 4009 1075 4067 arte
1092 4004 1220 4085 politica
1242 4003 1289 4069 aot

150 4112 303 4177 rhetorico.
327 4121 358 4176 et
381 4114 514 4199 partium
538 4113 602 4198 ejus
628 4111 772 4194 primam:
800 4111 888 4175 Circa
909 4131 983 4194 quas
1005 4131 1053 4172 ree
1075 4130 1109 4172 ea
1129 4130 1179 4172 ara
1194 4131 1290 4175 serec-

151 4222 208 4286 διν.
239 4218 423 4283 secundam:
456 4219 530 4302 Ip'ue
554 4222 741 4300 masticatis
761 4238 839 4298 prce
859 4216 1055 4296 sophistarum
1077 4215 1232 4279 rhetorica.
1258 4222 1289 4279 et

150 4323 272 4386 tertiam
296 4323 356 4388 sie:
384 4326 529 4405 Qomodc
552 4324 713 4409 quisquae
736 4345 771 4386 ea
788 4322 959 4404 praecipat,
983 4325 1103 4385 emedio
1125 4323 1253 4404 aepheta
1268 4345 1289 4385 a

151 4428 288 4511 replestis
311 4436 339 4493 et
359 4431 507 4512 politicis,
532 4430 589 4493 sibi
611 4436 760 4512 comparat
782 4434 811 4495 et
832 4429 903 4494 aliie
922 4432 1033 4513 telique
1051 4426 1167 4493 ciuitmi
1183 4433 1289 4510 imper·

153 4535 200 4599 tit.
234 4534 281 4600 le
305 4535 364 4602 hoc
385 4537 481 4620 igitur
503 4536 603 4620 capite
627 4535 803 4620 praesertim
828 4556 864 4600 ex
888 4534 953 4619 ejus
975 4535 1028 4618 §l
1052 4534 1143 4618 lenge
1158 4533 1289 4618 plurima
