3030 5294
229 380 233 390 ,
297 316 336 403 ie
713 306 1029 379 ruinosis-

295 522 312 594 ἡ
343 520 512 598 θριθριντικλ
545 520 575 582 οῦ
608 517 733 582 araceus
766 519 844 593 ἡμᾶς
876 514 931 581 irc
962 514 1023 605 εὀτλ
1055 515 1097 578 τοὶ
1127 521 1177 602 τοῦ
1200 516 1318 597 ἀριθμοῦ
1342 516 1431 582 acii

295 626 476 706 ἀριθμητικὸς
498 622 641 703 θονθροιπος
650 649 658 700 ;
681 632 765 688 ΓΟΡ.
784 621 868 690 Ποθνν
879 645 926 698 γε.
938 659 983 669 -
994 621 1252 686 moissiaco}
1267 621 1372 698 πεθθει;
1387 660 1429 670 -

297 742 383 798 ΓΟΡ.
404 731 476 797 Νοιθ.
498 768 536 780 -
559 739 632 795 ΣΩ.
652 731 769 800 Πειθοῦς
786 726 844 807 οῦροι
856 726 1022 807 δνμιονργθς
1035 726 1095 790 ἐστι
1107 726 1156 790 κοιλ
1169 729 1374 806 θοῦριθμντικθ.
1385 762 1432 778 -—
1450 763 1454 767 .

294 847 382 903 POP.
406 837 555 902 Φοιθνετοιι.
581 871 626 884 -
652 844 724 899 ΣΩ.
747 832 859 899 Οῦκοῦν
879 833 929 898 εὀθν
948 856 992 904 τις
1012 833 1103 916 ἐρωτᾷ
1115 836 1211 911 θροῦς,
1223 834 1308 904 ποθοις
1320 835 1431 905 πειθοῦς

294 943 344 1025 ueri
362 942 427 1023 περὶ
447 943 477 1006 πθ
487 993 496 1017 ,
516 940 742 1021 οῦποκρινοθμεθοθ
765 963 819 1003 πον
839 922 936 1020 αὐτῷ,
957 935 998 1002 θτι
1020 948 1072 1013 τῆς
1088 937 1291 1012 λιδοιοκονλικῦς
1303 947 1355 1013 τῆς
1367 938 1431 1017 περὶ

294 1049 327 1113 τὸ
349 1046 445 1128 θιρτιθν
461 1072 501 1131 τε
523 1046 574 1111 κοιλ
602 1045 684 1111 [τὸἸ
708 1044 838 1125 περιττὸν
859 1042 921 1108 ὅσον
942 1044 1014 1109 ἔστί.
1036 1043 1086 1108 κοιλ
1105 1044 1162 1115 τοὶς
1179 1042 1278 1115 ἄλλοις
1289 1041 1325 1115 θος
1339 1050 1388 1108 νῦν
1398 1045 1432 1119 λλ
1439 1043 1508 1108 454

295 1153 435 1231 ἐλέγομεν
455 1153 566 1233 τέ’χνοις
587 1150 709 1222 θποθοοις
729 1148 831 1228 ἕξομεν
851 1147 1004 1225 tioterici
1022 1151 1133 1221 πειθοῦς
1146 1150 1330 1229 δημιουργοὺς
1342 1150 1432 1223 οθοοις

294 1259 343 1324 κοιλ
368 1256 477 1335 ἧστινος
501 1258 551 1323 κοιλ
571 1257 634 1338 περὶ
655 1254 672 1321 θ’
688 1281 727 1323 τι.
750 1256 766 1332 ἢ
787 1256 821 1320 οῦ
830 1285 840 1333 ;
858 1293 902 1306 --
916 1265 1001 1321 ΓΟΡ.
1013 1255 1085 1320 Νοιλ.
1099 1292 1143 1304 -
1158 1263 1230 1319 ΣΩ.
1251 1257 1372 1336 οῦιιθρ’
1384 1259 1442 1342 χὴ),

215 1375 221 1388 ’
294 1365 422 1445 ρ’ντορικλ
445 1363 515 1438 ροθνν
539 1348 651 1433 πειθοῦς
676 1365 739 1426 εὀτι
765 1361 944 1440 δνμιονργθς.
970 1398 1014 1408 -
1038 1370 1123 1426 ΓΟΡ.
1149 1363 1258 1436 Ἀληθῆ
1280 1362 1385 1437 λε’γεις.

340 1469 395 1535 ΙΧ.
430 1479 503 1535 ΣΩ.
539 1468 655 1541 Ἐπειδὴ
685 1468 777 1531 τοίνυν
809 1468 840 1530 οὐ
867 1467 939 1545 aiva
962 1466 1167 1546 ἀπεργάζεται
1191 1471 1274 1531 τοῦτο
1296 1463 1432 1547 τοῦργον,

288 1576 378 1640 ὀῦλλολ
410 1599 459 1640 uns
491 1573 601 1655 ἄλλοι,
615 1573 755 1652 ιλικονθονς,
780 1570 873 1651 θοπερ
896 1570 958 1651 περὶ
983 1577 1034 1636 τοῦ
1057 1570 1229 1654 ζωγροθφον,
1252 1572 1332 1648 μετθι
1353 1578 1434 1637 τοῦτ’

296 1682 489 1762 ἕποινεροθμεθ
518 1678 554 1745 θον
586 1677 634 1744 τὸν
664 1678 809 1760 λέγοντο,
841 1677 926 1749 ποθοις
958 1677 991 1751 λλ
1022 1680 1133 1748 πειθοῦς
1166 1677 1214 1741 κοιλ
1240 1684 1292 1750 τῆς
1316 1675 1378 1759 περλ
1403 1679 1434 1743 πθ

296 1788 407 1871 πειθοῦς
438 1789 455 1862 ἦ
485 1785 610 1867 θντορικθ
643 1785 704 1848 ε’στι
726 1783 836 1865 rixam
865 1782 882 1858 ἢ
906 1784 936 1847 οῦ
962 1781 1039 1847 δοκεῖ
1058 1807 1099 1847 σοι
1123 1782 1226 1847 δι’κοοιον
1249 1779 1320 1849 εἶνοιι
1344 1785 1467 1858 ἔπιον-Β

233 1977 239 1986 ο
295 1892 403 1973 ερέοθοιι
413 1917 423 1970 3
440 1929 484 1940 -—
504 1901 590 1956 ΓΟΡ.
610 1889 747 1968 Ἔμοιγε.
762 1927 807 1938 -
823 1898 894 1954 ΣΩ.
918 1887 1084 1966 Ἀπθκρινοιι
1100 1887 1148 1966 δὴ,
1164 1883 1184 1952 ὦ
1199 1889 1432 1967 semiermes

298 2021 336 2075 γε
359 1997 408 2062 κοιλ
432 1999 474 2063 coi
498 1996 575 2061 δοκεῖ
595 1992 685 2061 οὕτω,
701 2033 745 2044 —-
769 2005 853 2074 POR.
876 1992 998 2068 Τοιθτνς
1022 1993 1112 2057 τοίνυν
1135 2002 1187 2068 τῆς
1206 1995 1317 2086 πειθοῦς
1332 1995 1429 2073 λε’γο),

302 2100 323 2193 ιθ
348 2103 520 2183 Σθιιροιτες,
543 2110 595 2176 τῆς
619 2103 647 2165 ἐν
670 2101 857 2180 δικοιοτνρθοις
880 2099 930 2164 κοιλ
953 2100 981 2163 ἔν
1004 2106 1064 2170 τοῖς
1083 2101 1184 2172 ἄλλοις
1204 2099 1318 2180 ὄχλοις,
1338 2099 1431 2181 ὥσπερ

299 2209 360 2274 κοιλ
374 2207 439 2288 θορτι
464 2207 584 2284 ἔλεγον,
608 2207 658 2273 κοιλ
684 2205 747 2287 περλ
770 2207 894 2279 τούτων,
919 2202 1021 2270 οἷέοτι
1041 2204 1139 2269 λθκοιιθ
1158 2229 1192 2269 τε
1210 2206 1260 2269 κοιλ
1277 2204 1373 2272 ἄδικοι.
1386 2244 1431 2254 -
1478 2272 1481 2276 ,

300 2324 371 2380 ΣΩ.
403 2313 496 2392 Κοθγθ
527 2336 569 2377 τοι
601 2313 768 2377 ὑπθπτενον
785 2296 909 2383 ποιθτνν
937 2336 971 2375 οε
993 2310 1091 2388 λέγειν
1113 2311 1165 2384 τλν
1188 2304 1271 2375 πειθὼ
1294 2310 1344 2375 κοιλ
1367 2310 1430 2392 περὶ

298 2421 423 2498 τούτων,
448 2417 469 2484 ὦ
493 2418 609 2500 Γοργθον.
631 2417 703 2482 ἀλλ’
726 2415 772 2483 iva
794 2418 837 2496 ριλ
860 2415 1030 2497 θοιομοθζρς,
1051 2415 1102 2480 ἕθεν
1119 2417 1191 2500 reci)
1207 2415 1430 2498 θλθγονῦοτερον

301 2671 494 2722 conditionalem
511 2663 667 2788 particulam
686 2675 708 2724 «l
723 2669 841 2736 praemis·
890 2670 944 2718 rius
961 2659 1054 2732 legitur
1069 2697 1103 2706 -
1119 2673 1191 2728 καλῶς
1203 2677 1231 2721 ἄν
1242 2692 1276 2723 σοι
1286 2678 1371 2724 nexis
1387 2692 1431 2724 ιτο.

300 2755 353 2788 sam
373 2739 484 2802 flagitat?
529 2738 582 2787 iin
598 2737 648 2787 fine
664 2736 762 2803 periodi
778 2740 843 2787 esset
890 2732 1045 2800 Interpretes
1068 2751 1097 2784 ex
1122 2735 1172 2785 hoc
1188 2741 1214 2786 et
1229 2737 1290 2786 huic
1307 2739 1362 2787 sim'
1377 2739 1438 2788 'bus

301 2808 325 2857 τθ
341 2805 400 2876 ipris
416 2805 456 2854 vel
472 2798 496 2856 r't
511 2811 626 2874 ἀποκρινα
641 2803 752 2853 simileve
765 2801 841 2867 quid,
890 2801 952 2850 locis
980 2801 1085 2859 docent,
1110 2801 1219 2867 perieota
1244 2803 1432 2870 deponentuum

302 2871 458 2925 constructio
475 2871 563 2920 saltem
580 2869 647 2919 salva
663 2874 742 2925 esset.
754 2884 842 2933 quam·
890 2867 964 2932 quale
982 2873 1137 2936 ἀποκέκριμαι
1153 2868 1228 2918 etiam
1245 2870 1370 2935 passivam
1387 2871 1432 2920 ha·

318 2954 377 2988 uam
394 2943 478 2987 tamen
495 2936 613 2999 languida
630 2940 695 2985 esset
709 2933 840 2985 sententia.
890 2935 948 2983 bere
964 2933 1180 2998 significationem·
1197 2935 1433 3000 Egoautemfateor

301 2953 416 3055 {cerates
432 3003 475 3052 hic
492 3018 580 3053 novam
596 3001 732 3067 quamdam
742 3001 842 3068 orditur
890 3015 931 3049 me
938 3016 1063 3065 nusquam
1074 3006 1228 3068 ἀποκειριμαι
1237 3003 1276 3051 vel
1284 3009 1432 3074 ἀποκέκρισαι

301 3069 555 3134 argumentationem,
572 3073 597 3118 et
614 3069 706 3119 iteruin
722 3068 752 3117 de
763 3066 842 3116 arith·
890 3067 989 3132 passive
999 3067 1228 3132 usurpatavidisse.
1254 3069 1345 3118 Potius
1354 3070 1434 3132 igitur

301 3137 392 3187 metica
415 3136 458 3186 sed
482 3135 552 3186 aliud
573 3135 636 3200 quid
652 3149 720 3184 nunc
736 3133 842 3198 quaerit.
892 3132 1041 3190 dicendum,
1068 3131 1099 3181 de
1117 3133 1248 3182 onentiurn
1276 3134 1380 3199 perfecti
1407 3142 1433 3186 et

303 3202 378 3253 Certo
394 3202 474 3266 igitur
490 3201 582 3252 certius
600 3212 636 3253 ΔΗ
652 3217 699 3265 pro
714 3197 841 3262 ΔΕ1(θίθ)
892 3199 1026 3276 plusquam
1051 3214 1068 3273 p
1102 3198 1278 3277 'ectiqt'artiam
1300 3217 1432 3267 personam

301 3269 541 3384 institituit
559 3270 842 3398 &reintingi
890 3263 1433 3396 itttffifffflimttti‘st‘ttgi

301 3401 464 3451 mentationis
480 3399 583 3449 exordio
593 3397 842 3464 particulaia'aoomi·
891 3397 951 3456 lari,
977 3395 1053 3444 sicuti
1074 3397 1232 3460 passivorum
1252 3399 1433 3449 nonnullorum

302 3471 372 3517 tatur
393 3465 539 3516 adverbium
561 3467 643 3529 πάλιν,
665 3467 782 3527 sequente
798 3466 843 3511 aut
890 3463 1023 3513 verborum
1040 3464 1066 3510 et
1082 3462 1300 3529 impersonalium,
1313 3481 1433 3516 nonraro

301 3532 444 3610 imperativi
468 3530 592 3588 secunda,
620 3534 664 3579 aut
689 3528 843 3593 conjunctivi
891 3529 988 3595 passive
1008 3526 1102 3576 Atticis
1117 3531 1244 3596 usurpari.
1439 3585 1443 3590 .

302 3614 385 3663 prima
407 3613 519 3662 persona.
545 3596 594 3646 Ex.
616 3611 652 3658 gr.
669 3594 736 3643 Phd.
755 3593 842 3643 losB
926 3598 973 3644 454
998 3592 1030 3643 Β.
1055 3593 1104 3645 ἀλλ’
1127 3599 1162 3648 ἴνα
1184 3606 1217 3661 μὴ
1242 3603 1373 3663 θαυμάςης,
1395 3604 1434 3650 rev

303 3667 374 3715 Πάλιν
389 3665 416 3722 δή
432 3683 473 3728 μοι
490 3664 515 3721 λζ
530 3668 606 3732 ἀρχῆς
622 3664 679 3726 λθρε.
702 3661 776 3722 Iregg.
795 3659 842 3708 869
893 3665 963 3726 ὀλίγον
984 3661 1192 3737 ῦοτφονζτοιοῦτθν
1207 3669 1231 3714 rt
1249 3685 1274 3714 er
1290 3654 1341 3715 ολνθΙ
1362 3667 1426 3730 μαι]

302 3730 334 3780 Ε.
359 3734 431 3781 Πάλιν
447 3731 474 3787 δή
495 3739 586 3796 πρῶτον
612 3731 666 3797 περὶ
681 3727 843 3777 τῶντοιούτων
892 3728 976 3776 Locus
992 3725 1128 3776 facillimus
1145 3729 1188 3778 sed
1205 3731 1311 3794 pessime
1341 3732 1432 3789 abitus,

303 3800 335 3856 εἰς
357 3798 448 3863 esaias
470 3799 575 3859 εἴπωμεν.
602 3792 668 3843 Vide
689 3791 756 3840 infra
776 3792 843 3840 diota
893 3808 968 3857 quem
988 3791 1079 3861 &astra
1095 3799 1200 3844 conatus
1216 3812 1273 3844 sum
1290 3803 1357 3845 certa
1373 3812 1432 3846 oon·

302 3864 334 3913 ad
347 3864 393 3912 515
406 3863 434 3913 C.
452 3860 478 3911 Si
490 3860 555 3910 forte
566 3866 649 3909 tamen
659 3858 772 3907 nondum
780 3857 846 3906 mihi
890 3860 989 3925 jectura
1009 3863 1092 3910 totum
1109 3860 1137 3909 in
1152 3862 1277 3924 integrum
1294 3863 1431 3913 restituere.

303 3929 403 3989 credas,
420 3928 484 3978 scito
498 3941 538 3976 me
548 3925 615 3975 nihil
626 3925 722 3974 demeo
735 3922 845 3983 dedisse,
893 3925 1003 3975 Librarii
1020 3927 1134 3976 arbitrati
1151 3927 1194 3976 illa
1211 3925 1260 3979 ἀλλ’
1275 3932 1310 3980 [να
1326 3937 1359 3994 μὴ
1376 3935 1431 3980 θαυ-

303 3996 347 4046 sed
353 3995 413 4045 alias
419 3999 519 4043 tantum
526 3992 640 4042 codicum
646 3990 765 4040 lectiones
771 3989 845 4053 vulgo
892 3998 970 4057 μάζης
985 3992 1017 4041 ad
1033 3993 1205 4059 praecedentia
1213 3996 1337 4058 pertinere
1344 3996 1432 4045 fecisse

302 4061 408 4128 receptis
425 4060 538 4111 meliores
554 4057 656 4107 Platoni
666 4055 793 4106 vindicare
804 4071 845 4104 co·
893 4074 921 4107 es
936 4046 1055 4108 videntur
1070 4074 1100 4108 ax
1117 4062 1176 4109 ἀλλὰ
1185 4067 1218 4124 μὴ
1230 4063 1342 4125 θαύμαζε.
1360 4060 1432 4110 Haec

302 4133 399 4178 natum.
416 4126 514 4178 Deinde
530 4129 589 4190 post
605 4124 680 4193 ὦνπερ
695 4127 730 4172 νῦν
740 4123 766 4182 δὴ
778 4122 844 4171 exci-
892 4124 981 4174 saltem
1004 4125 1026 4173 si
1048 4124 1142 4189 scripta
1157 4131 1252 4184 essent,
1270 4128 1358 4175 bonus
1368 4132 1432 4177 esset

303 4194 370 4244 disse
385 4194 486 4243 videtur
502 4194 618 4256 ὶλθγοριιν,
640 4190 680 4238 uti
696 4193 734 4238 est
750 4189 777 4238 in
796 4189 842 4236 454
892 4205 993 4248 sensus,
1017 4190 1083 4240 bona
1106 4191 1268 4242 constructio.
1300 4192 1349 4240 Sed
1369 4193 1431 4243 haec

302 4261 328 4309 A
344 4265 382 4313 καὶ
398 4267 441 4318 τὰς
457 4262 528 4317 ἄλλοις
542 4266 636 4324 τέχνας,
655 4259 683 4314 ἂς
699 4261 733 4306 νῦν
751 4257 776 4315 δὴ
793 4257 843 4306 iit·
890 4257 1033 4321 conjectura
1056 4256 1159 4305 incerta.
1190 4256 1239 4306 Illa
1259 4262 1298 4313 θιλν
1313 4261 1384 4322 θλθγον
1398 4286 1430 4299 -·

302 4342 378 4392 yepes.
405 4327 472 4376 Nam
493 4338 632 4392 pronomen
655 4322 729 4392 ὦνπερ
745 4337 789 4388 per
805 4326 842 4370 at·
889 4329 1006 4392 ἀνθρωραι
1024 4326 1091 4370 certo
1107 4322 1233 4375 emendari
1249 4331 1363 4398 possunt.
1383 4325 1429 4373 Ni·

303 4393 467 4451 tractionem,
484 4407 548 4456 qnae
564 4389 671 4448 dicitur,
689 4389 716 4438 in
732 4381 852 4451 genitivo*
881 4388 982 4437 mirum
1006 4386 1120 4436 Socrates
1132 4388 1191 4438 ¹tale
1213 4388 1289 4453 quid,
1311 4390 1381 4452 quod
1403 4407 1430 4441 se

302 4452 423 4523 po'situm.
457 4458 546 4521 Itaque
573 4454 696 4504 falluntur
721 4456 842 4520 interpre-
888 4456 1034 4517 rogaturum
1051 4453 1148 4503 dixerat
1163 4453 1353 4519 in4530‚jsm
1362 4472 1430 4507 nune

302 4528 355 4582 tes,
380 4524 424 4588 qui
444 4526 536 4590 putent
557 4520 768 4587 praepositionem
785 4523 842 4569 ante
890 4534 916 4569 ae
931 4533 1030 4580 rogasse
1045 4518 1127 4568 faesus
1144 4520 1226 4586 pergit
1240 4520 1311 4585 loqui
1327 4520 1432 4574 illaen’

301 4592 375 4662 ὧνπερ
398 4591 517 4643 omissam
541 4601 602 4639 esee.
617 4612 652 4622 -
671 4585 752 4637 Panlo
768 4600 841 4653 supe·
889 4587 925 4638 ῦοι
949 4609 983 4623 -
1001 4590 1155 4656 tommo.
1182 4587 1273 4654 Itaque
1296 4588 1371 4640 verba
1391 4594 1433 4653 iate
