3030 5294
177 346 254 411 nu
427 277 429 280 ⁵
543 322 954 409 raonnoonnns.

179 552 280 596 sarum
313 552 415 595 rerum
446 529 618 614 copulatio,
649 549 728 614 quas
756 527 868 613 passim
893 527 940 590 vel
963 526 1155 592 auditoribus
1178 549 1257 591 nova
1282 547 1321 591 ac

139 723 142 726 A
178 637 362 723 necopinata
384 643 448 714 est,
472 642 594 700 utnon
617 634 789 699 mirandum
812 634 866 710 sit,
890 633 1073 718 interpretes
1096 633 1228 698 multum
1253 633 1320 697 dis-

179 764 301 828 crepare
332 743 370 807 de
401 742 529 819 multis,
560 741 656 806 etiam
684 740 722 804 de
746 740 888 804 themate.
933 739 1117 825 Resipsae,
1142 738 1321 825 dequibus

178 850 372 934 quaestiones
402 848 630 922 instituuntur,
664 867 727 910 nou
757 850 832 909 sunt
860 843 1028 924 obscurae,
1050 845 1104 910 sed
1127 855 1231 910 tamen
1255 868 1322 910 scr·

179 975 300 1027 monem
316 954 451 1038 legentes
467 974 555 1038 saepe
571 950 736 1016 subsistere
752 951 896 1034 ultroque
913 973 1057 1037 quaerere
1073 954 1221 1036 cogimur,
1242 973 1323 1035 quo·
1372 949 1376 954 “

179 1059 271 1125 modo
302 1059 404 1124 omnia
435 1060 515 1123 iuter
546 1079 577 1121 se
609 1057 807 1136 cohaereant,
840 1079 901 1141 quo
925 1058 1045 1142 singula
1068 1058 1215 1136 tendant,
1242 1079 1322 1141 quae

179 1165 303 1230 tandem
334 1166 466 1251 primum
494 1164 596 1229 locum
620 1165 797 1240 obtineant,
822 1163 889 1227 aliis
914 1163 1012 1229 verbis
1036 1171 1072 1229 ut
1096 1164 1215 1241 dicam,
1241 1186 1322 1248 quae

178 1273 220 1337 ccl
242 1271 323 1348 μέσα
347 1279 377 1336 et
398 1272 441 1335 rol
463 1269 539 1351 daps
562 1269 677 1355 dialogi
700 1270 779 1347 sint,
801 1277 830 1334 et
847 1270 923 1354 quid
938 1271 1063 1335 tandem
1079 1270 1111 1334 id
1128 1271 1186 1348 sit,
1204 1271 1321 1335 circum

180 1375 263 1462 quod
294 1382 443 1462 tanquam
468 1397 553 1440 axem
578 1398 683 1440 omnes
707 1376 926 1462 disputationis
950 1384 1052 1461 partes
1075 1398 1107 1441 se
1130 1384 1321 1442 convertant.
1416 1365 1418 1368 ’

179 1483 221 1547 Et
241 1482 349 1566 quidni
365 1482 494 1561 faterer,
510 1504 559 1546 me
576 1488 693 1547 certum
710 1481 864 1566 quoddam
880 1482 983 1546 thema
997 1490 1218 1567 aucupantem,
1236 1481 1320 1565 quod

93 1603 101 1612 '
180 1589 349 1674 generatim
364 1572 488 1673 quidem
506 1588 558 1652 sed
574 1596 677 1653 tamen
694 1588 785 1651 simul
801 1588 984 1652 nominatim
1000 1610 1148 1652 summam
1161 1579 1301 1652 omnium
1310 1637 1320 1669 ,
1400 1622 1401 1626 =

138 1718 141 1723 ·
179 1695 314 1781 quaein
338 1693 396 1758 hoc
419 1693 543 1778 dialogo
567 1693 784 1778 disputantur,
808 1693 993 1777 significaret
1014 1700 1044 1758 et
1060 1693 1246 1771 declararet,
1264 1694 1322 1759 diu

178 1801 292 1866 frustra
322 1799 466 1880 sudasse,
496 1799 594 1863 donec
616 1798 650 1862 iu
673 1798 859 1883 syllogismis
882 1798 1000 1863 indices
1022 1798 1223 1883 agnoscebam
1247 1800 1322 1865 sim·

179 1905 340 1993 plicissimi
372 1912 403 1969 et
433 1904 604 1989 planissimi
627 1903 800 1981 thematis,
814 1906 882 1982 cui,
908 1912 1009 1970 totum
1032 1905 1189 1990 dialogum
1213 1904 1323 1969 dedita

179 2035 271 2098 opera
293 2018 398 2098 postea
421 2010 522 2075 denuc
545 2018 757 2095 perscrutans,
782 2030 887 2074 omnes
907 2012 973 2096 ejus
994 2020 1095 2097 partes
1112 2011 1232 2098 egregie
1248 2032 1323 2076 con·

179 2119 283 2183 venire
314 2127 345 2182 et
368 2117 529 2201 suffragari
551 2115 781 2201 comperiebam.
823 2115 893 2181 Hoc
916 2116 1013 2202 igitur
1034 2117 1144 2182 referre
1167 2116 1320 2194 conabor,

179 2224 234 2289 sed
260 2244 345 2289 nuuc
379 2223 485 2287 ordine
520 2223 640 2286 inverso
671 2222 804 2307 primum
828 2222 871 2286 ita
895 2245 1060 2308 persequar
1082 2223 1257 2307 dialogum,
1282 2230 1320 2289 ut

178 2331 245 2418 ejus
268 2329 371 2394 thema
394 2351 449 2415 pcr
471 2350 504 2393 se
527 2328 613 2414 quasi
638 2327 780 2413 prodeat,
804 2327 916 2392 deinde
939 2350 1031 2414 quam
1051 2329 1126 2393 certi
1141 2329 1234 2394 duces
1251 2329 1316 2394 sint

178 2436 348 2524 syllogismi
371 2434 409 2499 ad
433 2433 464 2498 id
488 2433 708 2498 inveniendum
730 2433 899 2498 ostendam.

223 2541 270 2606 Ex
298 2538 552 2626 inscriptionibus
576 2539 770 2625 singulorum
794 2540 928 2624 capitum
952 2538 1034 2623 (vide
1057 2538 1179 2604 brevem
1203 2540 1322 2627 dialogi

178 2650 390 2733 conspectum)
414 2644 559 2711 facillima
582 2667 673 2731 opera
696 2645 871 2730 colligitur,
889 2645 1080 2731 conjunctim
1096 2646 1320 2713 consideranda

179 2777 243 2819 esse
274 2753 383 2839 capitis
414 2752 441 2818 I.
473 2751 554 2816 Sect.
587 2751 613 2816 I.
644 2754 662 2838 q
737 2760 767 2816 et
800 2755 875 2816 eet
906 2750 980 2836 Cap.
1005 2750 1041 2816 ΙΙ
1064 2759 1094 2816 et
1116 2752 1173 2819 IV.
1198 2753 1254 2818 ubi
1276 2753 1316 2820 da
1409 2829 1411 2834 .

178 2859 385 2945 sophistarum
416 2856 567 2923 rhetorica
590 2857 709 2942 agitur:
738 2865 803 2936 tum
828 2857 918 2922 etiam
943 2859 1157 2945 conjungenda
1180 2881 1246 2922 esse
1269 2880 1318 2925 ca·

178 2966 251 3052 pitis
274 2965 301 3030 Ι.
332 2963 412 3029 Sect.
435 2963 463 3028 Ι.
486 2965 503 3049 q
527 2965 545 3027 2
572 2972 603 3027 et
625 2961 704 3051 Sect.
729 2961 764 3028 ΙΙ
787 2971 818 3028 et
841 2963 916 3049 (lap.
941 2963 1022 3042 HL,
1046 2965 1079 3029 in
1108 2963 1221 3048 quibus
1246 2987 1320 3033 vera.

179 3071 331 3137 rhetorica
354 3077 511 3135 tractatur.
553 3067 592 3133 In
614 3067 734 3152 reliqua
757 3069 871 3154 dialogi
894 3078 980 3154 parte
1002 3070 1090 3135 nulla
1113 3070 1246 3157 amplius
1270 3079 1318 3137 est

178 3177 401 3262 argumentatio
434 3174 621 3260 syllogistica
652 3175 705 3240 sed
734 3198 785 3254 ea,
810 3197 888 3260 quae
912 3177 1053 3263 superius
1077 3176 1262 3263 syllogismis
1286 3183 1319 3243 et

178 3282 387 3369 disputatione
410 3281 516 3346 effecta
539 3287 629 3359 sunt,
657 3288 692 3346 ut
717 3280 845 3368 probata
868 3289 899 3345 et
915 3289 1184 3347 certasumuntur.
1208 3282 1316 3362 Quum

177 3396 278 3455 autem
303 3388 411 3473 capitis
434 3387 461 3452 I.
485 3385 566 3451 Sect.
590 3387 616 3452 I.
640 3388 658 3473 q
681 3392 710 3453 l.
734 3387 995 3452 introductionem
1019 3388 1184 3472 quamdam
1205 3389 1238 3452 in
1254 3388 1318 3453 dia·

176 3495 281 3579 logum
305 3494 478 3571 contineat,
504 3494 637 3579 primum
660 3493 699 3557 de
722 3494 795 3571 hac,
822 3492 933 3556 deinde
956 3492 993 3557 de
1017 3493 1223 3578 sophistarum
1246 3495 1317 3559 rhe·
1347 3478 1351 3485 ¹

175 3601 272 3666 torica
294 3591 326 3665 et
347 3601 437 3664 tertio
461 3598 498 3662 de
522 3622 593 3664 vera
621 3598 773 3664 rhetorica
796 3597 975 3663 videbimus.

220 3705 260 3772 lu
283 3704 358 3789 Gap.
380 3704 406 3770 I.
428 3703 509 3769 Sect.
532 3704 559 3772 I.
583 3708 647 3790 ql.
680 3704 810 3788 Gorgias
833 3704 939 3769 rhetor
961 3712 1056 3769 artem
1073 3691 1158 3770 suam
1176 3705 1316 3788 aperiens

175 3820 207 3878 at
234 3811 401 3890 definiens,
433 3809 569 3879 Socrate.
589 3833 708 3896 semper
731 3811 878 3875 ammonis
902 3809 997 3887 duca,
1022 3811 1120 3895 tangit
1143 3811 1316 3890 nonnulla,

175 3940 254 4004 quac
276 3917 315 3983 ad
339 3939 375 3981 ea
397 3917 552 4002 pertinent
575 3917 613 3981 dc
636 3916 749 4002 quibus
771 3917 851 3981 infra
874 3917 1069 4001 quaestiones
1088 3916 1314 3995 instituuntur,

175 4047 222 4091 en.
242 4047 287 4110 gr.
309 4025 341 4088 in
366 4025 431 4087 452
454 4022 487 4087 ri
510 4021 614 4104 ἄρχειν
636 4044 704 4087 cum
729 4045 848 4087 summa
871 4023 901 4087 ri
921 4046 956 4087 ac
978 4029 1129 4108 potestate
1145 4022 1177 4087 in
1194 4045 1316 4109 rempu-

174 4131 303 4207 blicam,
328 4130 361 4194 τὸ
384 4128 471 4206 μέγα
492 4128 638 4193 aevastat
652 4129 833 4213 (secundum
856 4130 890 4195 rt
913 4129 1106 4212 κατὰφύσιν
1128 4129 1250 4205 δίκαιον,
1276 4130 1315 4194 de

175 4260 236 4324 quo
268 4236 337 4301 vide
367 4235 477 4320 inira),
508 4235 542 4299 iu
570 4236 648 4323 454.
668 4243 698 4300 et
730 4239 795 4300 459
819 4237 978 4299 scientiam
1001 4241 1051 4301 τοῦ
1075 4236 1184 4300 δικαίου
1207 4244 1238 4300 et
1261 4241 1315 4302 τοῦ
1419 4238 1423 4244 “

136 4407 140 4411 .
173 4344 271 4409 ἀδίκου
295 4351 369 4418 eto„
392 4342 426 4405 iu
448 4343 514 4405 456
538 4348 568 4405 et
591 4343 654 4407 457
679 4341 793 4408 ἀδικίαν
813 4341 1035 4427 discipulorum
1051 4341 1089 4404 de
1105 4363 1167 4424 qua
1181 4363 1314 4426 querun-

172 4457 225 4514 tur
247 4447 402 4523 rhctores,
426 4447 495 4511 alia.
531 4446 640 4531 Itaque
663 4455 710 4513 est
732 4448 782 4512 hic
805 4447 955 4532 quaedam
979 4447 1168 4512 introductio
1193 4447 1225 4510 in
1249 4445 1314 4511 dia·

174 4556 302 4640 logum„
326 4551 416 4633 Quae
439 4559 542 4617 autem
563 4552 682 4637 reliqua
704 4554 756 4620 hic
778 4553 816 4619 dc
836 4553 968 4639 Gorgiae
987 4553 1138 4619 rhetorica
1154 4553 1312 4637 leguntur,
