3030 5294
1231 188 1241 223 Ι

603 303 870 396 ¹(torrente.
997 381 1006 399 .
1252 308 1295 375 ιι

163 492 211 557 τὸν
233 503 448 585 τεχνικώτιιτον
470 503 514 570 δεῖ
533 506 683 584 altricius·
708 505 764 572 οὐδ’
787 503 857 571 drus
878 511 985 587 τειχῶν
1004 486 1069 590 ινιερλ
1086 492 1292 584 circiensium

162 609 196 683 ἢ·
209 608 331 687 λιμένων
360 619 545 687 κοιτοιοκενῆς
576 611 748 692 ἢνενιρλοιν,
779 614 851 676 ἀλλ’
881 615 905 677 ολ
931 612 1144 693 ἀρχιτέκτονες·
1173 613 1229 678 οὐδ’
1254 607 1293 680 etti

161 714 231 781 iret
260 722 433 797 στρατηγῶν
462 716 595 796 uicisset
627 716 689 796 πέρι
720 716 737 793 i
768 715 878 792 τολξεῶς
906 740 978 789 τινος
1003 718 1070 799 πρὸς
1093 719 1249 795 πολεμίους
1274 717 1292 796 ἢ

125 821 270 903 Οχωρίον
298 823 511 902 sereniores,
526 821 681 900 συμβουλὴ
710 821 747 905 ᾖ,
771 825 842 888 ἀλλ’
864 825 889 889 οἱ
912 824 1099 905 ττροοιηγινιολ
1124 823 1192 891 τότε
1214 847 1291 902 rou·

158 920 378 1006 βονλεύοονοιν,
401 930 426 992 οἱ
444 914 574 1009 ῥητορλκολ
591 930 614 992 δ’
635 928 705 1005 odil
725 937 785 1002 πῶς
797 929 910 1007 λέγεις,
922 924 943 994 ὦ
955 930 1079 1009 rotata,
1091 930 1288 1008 τλι’·τοιοιῡτοι;

159 1035 255 1110 ἐπειδὴ
277 1035 336 1114 yolo
359 1034 446 1106 ιιύτός
468 1059 502 1100 τε
524 1036 583 1116 (pis
606 1035 694 1117 ῥήτωρ
720 1031 792 1101 εἶνοιι
814 1035 863 1100 κνολ
884 1033 993 1109 ἄλλους
1009 1042 1099 1116 ποιεῖν
1115 1037 1292 1120 ῥητορικοὺς,

158 1277 288 1327 ueniendo
301 1275 581 1342 connecteremus
590 1282 621 1326 ut
629 1277 699 1333 simi·
746 1277 851 1343 rogandi
872 1293 925 1328 esse
946 1281 1002 1331 ἄλλο
1022 1299 1046 1332 τι
1065 1279 1181 1330 arbitrali
1197 1279 1287 1330 omiss·

157 1343 193 1393 lia
206 1343 258 1392 illis
277 1345 341 1404 sint,
358 1344 403 1411 sed
419 1349 448 1393 ut
464 1345 529 1394 bona
545 1344 699 1394 constructio
746 1350 807 1394 runt
832 1349 858 1409 ἢ,
885 1360 961 1409 quam
985 1346 1100 1401 voculam
1123 1346 1154 1396 ab
1176 1346 1230 1395 anti
1249 1346 1288 1396 uis

112 1423 114 1426 ⁴
156 1408 248 1461 redeat.
265 1410 328 1469 Res,
346 1410 376 1459 de
392 1427 441 1475 qua
452 1410 532 1460 hiciu
544 1408 638 1474 Gorgia
649 1411 700 1474 agi·
747 1410 886 1460 editoribus
908 1416 975 1460 reete
997 1420 1027 1462 ex
1048 1412 1209 1462 nonnullise
1245 1411 1308 1463 ci·'

156 1478 211 1536 tur,
236 1477 311 1526 etiam
334 1477 447 1539 tangitur
467 1477 494 1525 iu
510 1477 581 1525 Prot.
599 1477 647 1526 319
668 1478 699 1532 B,
747 1477 794 1530 bus
809 1482 939 1544 receptum
955 1476 1139 1529 contendimus.
1160 1476 1289 1529 Nimirum

156 1545 202 1612 δρῶ
223 1543 272 1607 οὖν,
290 1547 344 1596 ὅταν
360 1545 499 1608 ουλλιγῶριον
514 1547 546 1601 τὶς
562 1551 604 1603 τὴν
618 1545 709 1611 nale-¹
747 1559 799 1592 non
823 1549 861 1593 est
882 1534 926 1594 irio
947 1543 1057 1594 formula
1079 1544 1136 1604 ille,
1153 1560 1211 1594 nem
1229 1546 1290 1597 ον’δλν

90 1653 93 1656 ,
157 1612 220 1668 clas,
242 1612 333 1660 ἐπειδὰν
347 1615 390 1674 μὲν
405 1614 459 1678 περὶ
476 1611 602 1673 οἰκοδομίας
618 1631 641 1662 τι
660 1612 698 1680 δίη
746 1612 802 1662 ἄλλο
817 1625 869 1659 non
886 1615 924 1659 est
939 1624 1088 1676 responsum
1099 1610 1132 1660 ud
1143 1626 1204 1660 eem.
1222 1610 1289 1660 Vide

154 1679 246 1744 πρᾶξαι
256 1679 434 1736 morelmeis
444 1678 571 1741 οἰκοδόμους
578 1695 698 1742 μιτιιπιρι.
747 1675 808 1725 Orat
831 1677 879 1726 390
897 1677 926 1726 (λ.
949 1689 973 1728 Σ.
991 1682 1031 1728 Tin
1046 1680 1151 1729 -ello
1166 1696 1190 1728 τι
1207 1679 1234 1728 οὐ
1250 1697 1291 1730 xer·

154 1751 263 1807 ποριένονς
284 1745 420 1810 confictione
445 1747 498 1812 πιρλ
519 1755 564 1794 τῶν
579 1745 699 1808 ὁικοδοριη-
746 1746 791 1800 iric
806 1746 822 1802 ἣ
839 1745 983 1803 διαλιιιτικδνς
1002 1743 1035 1795 ‘It-
1062 1743 1121 1809 Οὓκ,
1139 1746 1199 1794 ἀλλὰ
1215 1748 1289 1796 τοῦτο.

154 1815 247 1872 μάτων,
264 1811 318 1860 ὃταν
330 1811 354 1860 di
370 1813 423 1887 περὶ
434 1813 557 1874 ναυπηγίας
563 1813 634 1872 ,τοὺς
644 1830 695 1862 ναν·
745 1808 848 1859 Thesei.
866 1810 912 1861 170
930 1811 967 1869 B,
986 1812 1034 1860 204
1051 1809 1088 1868 B,
1106 1811 1153 1858 205
1170 1809 1207 1868 B,
1224 1808 1290 1887 Rep.

154 1877 245 1938 πηγοὺς.
276 1875 372 1925 Verum
395 1892 423 1925 m
444 1878 480 1926 sic
501 1876 602 1940 scriptis
619 1877 696 1925 etiam
744 1875 790 1926 478
807 1876 839 1924 Β.
867 1876 904 1929 Et
919 1877 964 1926 ubi
980 1879 1062 1935 nont
1079 1875 1123 1925 scd
1138 1878 1195 1936 πλὴν
1209 1890 1287 1926 comr-

156 1945 262 2006 ναυπηγοὶ
275 1942 365 1990 arcessi
377 1941 497 1993 dicuutur
509 1944 631 2010 σύμβουλοι
642 1946 695 2013 πιρλ
743 1945 813 1991 tatur
828 1942 894 1993 illud
911 1946 967 1995 ἄλλο
982 1946 1006 1995 ιι
1021 1943 1061 1995 vel
1076 1944 1101 1993 τι
1117 1944 1187 2007 ἄλλο,
1209 1941 1288 2007 Soph-

156 2019 200 2060 τῶν
215 2009 417 2074 οἰκοδομημάτων,
432 2025 483 2073 quo
498 2010 564 2065 nihil
576 2010 695 2075 ineptius.
734 2009 793 2057 220
810 2006 842 2068 0,
860 2011 907 2058 224
926 2008 960 2069 O,
972 2011 1019 2058 225
1032 2010 1069 2068 A,
1082 2009 1129 2057 228
1142 2007 1180 2067 Α,
1193 2009 1241 2059 229
1253 2006 1286 2058 Δ.

156 2074 302 2125 Hcseenim
313 2076 697 2141 ellipseosestratio,utmente
744 2074 775 2123 al.
801 2074 841 2124 le
858 2075 951 2140 quibus
968 2076 1030 2126 locis
1048 2074 1184 2137 discimus,
1201 2074 1229 2124 in
1245 2074 1284 2124 in·

155 2139 288 2207 repetenda
297 2141 348 2190 sint
354 2157 382 2191 cx
392 2142 514 2208 superiori
519 2141 617 2208 periodi
622 2145 695 2207 parte
744 2141 896 2203 terogatione
913 2141 1005 2206 requiri
1019 2144 1075 2194 ello
1086 2140 1149 2205 (sive
1159 2141 1238 2206 ἄλλος)
1251 2165 1286 2181 -·

156 2207 241 2257 omnia
264 2212 362 2271 praeter
384 2208 426 2266 id,
452 2209 524 2274 cujus
548 2209 604 2258 loeo
624 2207 695 2258 aliud
743 2206 813 2265 trel
830 2211 885 2259 cille
901 2233 934 2248 -
949 2211 1019 2272 πλὴν,
1037 2208 1062 2265 si
1075 2208 1284 2274 inresponsces't

55 2303 57 2307 ν
155 2275 218 2338 quid
234 2273 262 2322 in
278 2273 387 2340 elliptica
403 2275 501 2340 periodi
515 2280 586 2341 parte
596 2289 625 2323 ex
644 2289 694 2323 res·
744 2274 769 2324 οὒ
784 2273 823 2323 vel
839 2275 899 2324 οὐδὲν
916 2275 982 2337 (sive
995 2275 1074 2338 οὐδεὶς)
1090 2273 1282 2340 selecturus,
1353 2284 1357 2290 '

156 2356 211 2389 sum
220 2343 265 2387 cst.
274 2338 365 2405 Itaque
373 2341 456 2390 omnia
464 2341 619 2406 repetendae
645 2342 695 2397 τοὺς
743 2340 800 2388 sim.
825 2340 916 2403 Itaque
931 2340 1005 2390 Plsto
1022 2339 1123 2404 scripsit
1137 2339 1241 2391 inPhd.
1255 2341 1284 2393 79

155 2408 289 2470 ναυπηγολι,
312 2417 375 2471 quae
395 2406 423 2456 in
448 2407 580 2473 superiori,
596 2406 694 2472 periodi
744 2405 764 2456 O
781 2406 873 2465 tintcr
883 2410 957 2459 αὐτῶν
967 2412 992 2458 et
1003 2413 1030 2459 τὸ
1039 2412 1097 2473 μὲν,
1110 2406 1171 2473 qnia
1182 2407 1286 2457 hicnon

155 2478 225 2587 pIerte
237 2473 305 2522 dicta
314 2478 387 2530 sunt,
396 2478 493 2539 praeter
501 2476 552 2532 τολς
559 2472 693 2538 οἰκοδόμους.
743 2479 781 2521 est
797 2473 970 2535 interrogandi
983 2473 1099 2523 formula.
1110 2497 1144 2509 -
1154 2473 1228 2523 Nihil
1237 2471 1285 2523 mi²

182 2540 316 2604 nde'patet
332 2554 404 2589 voces
420 2545 474 2610 ιιιρλ
487 2535 693 2605 τῶνολκολοριηριά-
741 2555 813 2598 rum,
829 2538 962 2589 Atticistas
978 2541 1006 2589 iu
1022 2540 1115 2590 tnlibus
1131 2554 1225 2590 errasse
1245 2554 1284 2589 ex.

155 2625 198 2656 τιον
214 2619 265 2654 non
281 2621 335 2656 esse
349 2606 471 2657 Plutonis.
489 2607 563 2667 Quae
574 2607 596 2655 si
607 2621 694 2656 sensus
742 2620 778 2668 gr.
796 2606 827 2655 de
843 2605 928 2654 Peras.
946 2611 960 2654 4
977 2617 1008 2658 11.
1025 2611 1052 2658 nl
1067 2608 1091 2657 n
1107 2610 1203 2674 μλτέχοι
1216 2609 1287 2658 -ri

155 2671 318 2730 desideraret,
337 2673 413 2721 etiam
429 2675 504 2723 verba
519 2678 573 2743 πιρι
589 2684 633 2724 τῶν
643 2684 695 2724 sens
742 2677 770 2724 n
785 2675 872 2729 oillei
888 2676 926 2723 nal
943 2677 1001 2732 αὑτὴ
1016 2681 1085 2741 τέχνη
1101 2677 1150 2733 οἴης
1167 2684 1193 2724 Τ.
1212 2681 1283 2742 Τέχνη

189 2740 213 2787 st
229 2738 412 2803 τώςνοιοιιηγολς
423 2740 509 2801 abesse
520 2755 572 2789 non
582 2744 693 2805 possent.
743 2744 804 2808 γὰρ,
821 2743 887 2816 irrep
903 2739 971 2798 οἴκτοις
987 2745 1043 2808 ἔχοι.
1071 2740 1144 2801 Quae
1160 2741 1229 2791 omni
1245 2740 1284 2791 ni·

155 2752 695 2940 {sustinendum
743 2806 1286 2940 ιιιιιιιιιιιι

435 2893 506 2933 ·““λ
688 2907 695 2921 ·
1107 2909 1113 2933 ι
1274 2901 1285 2913 “

155 2937 232 2987 Recte
250 2937 305 3002 jam
324 2937 419 3002 ubique
438 2939 504 2990 illud
520 2946 535 3000 ἢ
550 2941 578 2990 iu
593 2894 641 2989 iii
657 2940 695 2990 in·
745 2938 846 2988 ciannm
868 2939 1055 3002 corrigeremus.
1087 2939 1132 2989 'Ad
1156 2939 1288 2991 Platonem

130 3056 134 3074 Ι
155 3004 297 3067 terrogandi
317 3003 427 3054 formula
448 3006 616 3057 omittendum
640 3021 695 3055 cen·
745 3005 884 3058 reticemus.
910 3003 944 3054 In
957 3005 1040 3056 nuth.
1060 3008 1088 3054 15
1107 3005 1137 3055 Ο.
1154 3018 1177 3056 Σ.
1194 3011 1239 3056 Νῦν
1254 3007 1290 3058 ets

155 3075 267 3119 suerunt.
294 3070 343 3120 Sed
356 3071 437 3137 ipsam
448 3072 514 3122 hanc
525 3071 696 3135 interrogandi
746 3074 783 3122 οὐκ
799 3077 875 3129 ἐννοεῖς
891 3092 936 3129 -;
953 3077 1022 3123 τοῦτο
1038 3069 1122 3122 δ’ἄλλο
1140 3090 1163 3124 τι
1182 3077 1196 3130 ἡ
1213 3077 1289 3140 teopr-

154 3136 275 3186 rstionem
297 3137 325 3186 in
347 3138 430 3187 media
445 3139 558 3199 oratione
572 3139 695 3205 positam,
744 3141 781 3194 λὶς
796 3140 908 3201 γίγνιτοιι,
928 3140 988 3196 ἣῶι
1000 3149 1026 3189 Ε.
1038 3145 1101 3190 neo
1111 3158 1145 3203 γι.
1163 3137 1287 3201 Agnoscis

154 3203 229 3270 nullo,
249 3218 368 3268 responso
393 3201 533 3270 sequente,
548 3207 696 3272 interpretes
744 3204 848 3252 eandem
869 3203 1017 3264 formulam,
1040 3219 1104 3268 quae
1120 3203 1217 3269 respuit
1232 3204 1286 3269 pri·

154 3268 254 3319 silentio
270 3275 435 3335 praetercunt.
461 3272 530 3323 Scito
546 3273 625 3336 igitur
640 3287 694 3320 eam
744 3286 814 3319 mum
837 3274 927 3335 ›tpost
944 3290 967 3323 τι
977 3270 1097 3335 positum.
1119 3269 1284 3335 Verumque

153 3336 234 3385 rarius
256 3331 293 3385 ita
315 3343 460 3402 usurpatum
476 3340 546 3405 apud
564 3340 692 3388 Platonem
740 3337 866 3402 pertinent
888 3337 932 3386 illa
954 3339 1038 3396 ἣολςὲ
1063 3337 1132 3386 Num
1148 3336 1181 3386 ad
1196 3336 1282 3402 priora

153 3402 268 3453 inveniri.
294 3402 411 3453 Occurrit
427 3421 465 3454 ex.
482 3405 702 3469 gninfiaintdd'
740 3406 778 3454 οὐκ
794 3407 885 3461 coasts?
911 3404 999 3468 Neque
1013 3403 1134 3468 igiturad
1162 3403 1282 3457 anteriora

153 3468 178 3517 D
194 3473 220 3518 et
236 3469 299 3546 Rep.
317 3471 364 3518 342
381 3470 415 3519 D.
432 3470 513 3521 Attici
527 3472 574 3521 hae
585 3463 694 3522 formulis
731 3471 799 3519 'cum
814 3469 901 3519 referri
916 3470 1028 3535 possint,
1043 3419 1199 3521 reddendum
1210 3469 1282 3520 addi·

152 3539 261 3584 utuntur
276 3538 457 3599 interrogantes
474 3553 526 3588 rem
540 3539 602 3589 adeo
612 3539 692 3588 meni-
740 3540 880 3585 tamentum
897 3537 986 3586 scribis
1001 3536 1135 3587 formulam
1145 3535 1215 3586 illam
1227 3539 1284 3595 ἄλλη

153 3600 254 3659 festam,
274 3607 304 3650 nt
325 3617 472 3668 responsum
489 3620 541 3654 non
557 3606 608 3654 nisi
624 3606 692 3670 ajars
742 3623 767 3654 τι
783 3617 835 3652 non
845 3603 908 3652 bene
918 3603 1124 3668 intelligentibus.
1141 3603 1190 3653 Est
1201 3603 1283 3662 enim,

153 3683 205 3717 esse
226 3668 315 3733 possit.
346 3669 424 3729 Quod
447 3670 594 3721 conficimus
610 3687 641 3721 ex
656 3687 694 3721 re-
743 3669 783 3718 uti
799 3669 924 3728 diximus,
943 3670 1040 3735 aliquid
1056 3671 1117 3720 adeo
1133 3676 1284 3738 ἀναρριορήι
1342 3711 1344 3714 ⁴

153 3735 260 3799 sponsis.
282 3738 332 3787 nal.
357 3742 418 3788 Ποινο
432 3757 467 3801 γι.
490 3735 588 3802 Ἀνάγκη.
606 3740 694 3809 Σροδριι
743 3756 810 3795 τητον
833 3737 1023 3800 interrogantis,
1040 3740 1070 3786 ut
1086 3737 1168 3787 omnis
1184 3737 1283 3800 negatio

153 3820 191 3864 γι,
206 3800 262 3849 sim.
270 3801 694 3868 quaelegunturubiomrqneinter·
743 3803 899 3852 excludatur.
933 3803 1044 3854 Tandem
1065 3803 1093 3852 in
1109 3803 1179 3853 Prot.
1197 3803 1282 3855 3580

152 3882 240 3931 rogans
264 3868 346 3932 pergit
370 3869 440 3933 loqui
462 3872 691 3933 etargumeutari,
737 3868 804 3920 ”Δλλο
824 3890 848 3921 τι
865 3869 900 3920 οἷν
915 3896 948 3908 -
964 3868 997 3938 ἐρ’
1013 3873 1030 3920 ἁ
1046 3875 1118 3922 circui
1134 3875 1192 3922 κοινὰ
1208 3870 1280 3935 εἶναι,

152 3937 285 3998 postquam
307 3934 405 3984 audivit
420 3937 469 3987 hoc
485 3937 575 4000 ajcntis
591 3953 692 4003 respon·
741 3935 786 3987 οὐδ’
803 3939 852 3988 ἔστι
871 3941 937 3988 τοῦτο
953 3941 1000 3988 nrt.
1019 3953 1083 4002 quae
1099 3935 1200 3986 demum
1215 3940 1282 3986 recte

152 4015 217 4048 suns.
235 3999 348 4049 Sooratm
364 4002 443 4065 igitur
454 4001 497 4051 hio
507 4002 544 4051 ita
554 4003 625 4068 loqui
636 4020 691 4069 per-
739 4002 847 4066 intelligi
870 4009 991 4072 possunt,
1012 4005 1034 4052 si
1051 4002 1163 4068 posuerls
1180 4002 1280 4065 signum

102 4121 107 4131 ¹
151 4065 203 4129 git,
220 4081 248 4114 ac
261 4066 283 4114 si
297 4066 443 4134 huiusmodi
457 4084 604 4136 responsum
615 4070 691 4120 inter-
724 4068 942 4132 'interrogationis
958 4074 1015 4119 ante
1031 4070 1075 4121 οὐδ’
1093 4070 1279 4134 introissent,

149 4132 245 4196 jectum
265 4138 341 4193 essct,
362 4135 459 4200 qualem
477 4139 543 4185 certe
559 4136 638 4185 sumit
654 4153 691 4187 se·
741 4135 854 4186 Socrates
876 4136 943 4186 enim
965 4136 1026 4186 haec
1043 4137 1128 4186 dicens
1144 4135 1221 4185 simul
1236 4151 1278 4197 su·

152 4199 254 4263 quentia
277 4199 361 4249 dicens
385 4203 448 4261 δῆλον
468 4209 514 4271 γὰρ
537 4205 583 4254 xri.
602 4203 691 4252 oonllr·
740 4201 788 4250 mit
803 4202 930 4252 auditores
946 4203 1120 4268 comprobasse
1131 4201 1200 4268 qnod
1210 4216 1281 4266 roge·
1373 4233 1375 4246 ι

152 4280 272 4329 mensque
284 4281 337 4315 rem
347 4268 582 4320 manifestissimam.
601 4269 691 4334 Itaque
740 4271 823 4326 reret,
840 4267 916 4317 simul
932 4274 1108 4332 argumentum
1121 4267 1280 4319 evidentissi-

150 4331 179 4379 in
192 4322 236 4380 nis
251 4331 314 4380 loeis
330 4333 400 4384 nulle
415 4340 498 4401 potest
514 4352 567 4386 csse
584 4336 690 4386 difficul-
740 4349 811 4382 mum
827 4333 897 4384 affert
906 4368 913 4392 ,
934 4350 984 4399 quo
1002 4335 1177 4394 confirmatur,
1193 4333 1280 4401 potius

151 4399 197 4446 tas.
223 4397 273 4447 Sed
294 4401 447 4451 emendanda
462 4403 528 4464 Phd.
548 4403 577 4453 79
595 4401 616 4452 (λ
635 4410 693 4473 urps
740 4399 839 4458 dicam,
861 4415 911 4463 quo
934 4401 1026 4450 nititur
1048 4403 1118 4468 quod
1139 4405 1280 4466 regenerat:

153 4465 194 4527 δὴ,
212 4466 227 4521 ἦ
244 4462 309 4531 δ’λς,
335 4469 390 4517 ἄλλο
405 4487 430 4518 τι
444 4473 505 4533 ἡμῶν
521 4473 592 4522 αὐτῶν
606 4473 634 4521 τὸ
649 4474 692 4534 μὲν
740 4466 907 4530 qualiasunt
930 4467 1005 4517 etiam
1022 4468 1066 4519 illa
1086 4469 1114 4519 in
1134 4469 1212 4532 Gorg.
1232 4470 1279 4517 itt
1365 4519 1369 4529 ‚

152 4535 219 4594 σῶμά
234 4536 297 4594 ὄντι,
311 4537 346 4609 ’το
359 4534 383 4583 δὲ
401 4538 691 4611 ψυχηςούὃλνᾶλλο,ι”ρη.
739 4532 763 4610 Β
787 4533 850 4610 delict
869 4538 917 4610 γὰρ
940 4535 988 4588 κτλ.
1006 4535 1126 4589 continuo
1142 4536 1279 4599 interrogo·

151 4595 305 4662 Inter-prutes
320 4598 364 4649 hro
378 4603 454 4651 etrum
468 4600 604 4655 formulam
613 4603 690 4654 inter·
738 4603 803 4651 uum
819 4599 961 4666 subjuncta.
999 4650 1003 4655 .
1138 4642 1140 4646 -
