3030 5294
189 296 233 360 eo
610 249 888 356 rnrronrs

187 493 301 573 λέγειν,
326 493 374 558 secl
396 493 510 577 μέμφεο
533 513 590 569 μοι·
615 493 672 570 ἐγὼ
691 493 721 557 δὲ
740 496 791 558 τοῦ
810 487 985 568 τοίονονντίον,
1006 484 1049 554 dri
1066 488 1203 556 οὐδέποτε
1215 487 1312 553 cairi

80 656 91 678 ,
186 598 283 676 λίνεος
306 599 368 680 τερί
391 603 446 665 τῶν
470 600 579 673 αὐτῶν,
604 600 687 663 οίλλοί
710 598 776 662 τοτὲ
799 597 853 674 μὲν
871 584 937 667 τοὺς
957 595 1094 672 βελτίους
1108 619 1142 658 τε
1157 593 1209 659 κοί
1224 592 1337 673 κρείτ-0

186 727 251 778 τους
274 706 339 777 τοὺς
362 704 556 785 ίοχυροτέρους
578 703 690 785 ὥρίζου,
715 699 794 775 aitte
818 702 847 766 δὲ
869 701 935 773 τοὺς
957 699 1199 782 Φρονομυτίρους,
1223 705 1273 763 νῦν
1289 697 1313 762 δ’

187 807 224 875 οὗ
254 809 345 890 ἕτερόν
374 834 402 874 το
433 807 508 886 ἥκεις
538 807 624 888 ἔχων·
657 806 840 889 οίνδρειίτεροί
867 829 942 877 τινες
973 806 1028 869 tre
1054 810 1104 870 τοῦ
1127 804 1270 883 λέγοντος
1290 805 1312 868 oi

186 914 328 993 κρείττους
357 915 406 979 ecl
441 916 465 978 oi
499 913 643 992 βελτίους.
679 915 761 990 ἀλλ’,
797 909 818 976 ὦ
852 911 950 995 ’νοοίὲ,
985 911 1070 977 sicin
1098 908 1312 987 οίτοολλοίννίο,

185 1019 267 1090 τίνοος
289 1020 359 1084 τοτὲ
380 1019 477 1096 λίνεος
499 1019 565 1090 τοὺς
587 1019 723 1096 βελτίους
745 1042 778 1082 τε
802 1016 850 1082 uel
875 1015 1015 1096 κρείττους
1039 1015 1089 1079 xci
1111 1015 1151 1086 είς
1172 1013 1253 1091 dm
1271 1050 1313 1062 -

184 1134 278 1190 ΚΑΛ.
309 1127 395 1189 Ἀλλ’
425 1123 522 1206 είρνκοί
551 1125 583 1200 γ’
612 1123 709 1201 ίνοονε
732 1124 798 1194 τοὺς
820 1123 972 1204 φρονίμους
1001 1121 1041 1192 είς
1063 1119 1103 1185 τοὶ
1125 1129 1179 1195 τῆς
1202 1119 1312 1192 τίλευς

185 1228 355 1309 τροίγμοοτοο
375 1229 425 1294 κοιλ
448 1229 595 1309 ἀνδρείους.
620 1229 737 1301 τούτους
756 1229 816 1308 γὰρ
837 1229 968 1309 τροονίκεν
988 1231 1043 1292 τῶν
1061 1225 1172 1290 τίλευν
1191 1223 1340 1305 ἄρχευ,[)

109 1364 112 1369 ·
184 1334 234 1398 ecl
265 1334 299 1399 τί
329 1335 432 1399 δίκουον
462 1338 541 1400 τοῦτ’
566 1335 646 1410 ieri,
675 1336 762 1399 πλέον
786 1333 866 1414 ἔχειν
888 1331 1005 1405 τούτους
1027 1336 1083 1396 τῶν
1107 1329 1223 1415 ἄλλων,
1246 1331 1311 1402 τοὺς

183 1436 328 1520 ἄρχοντος
358 1447 413 1505 τῶν
442 1439 616 1520 οίρχοριένων.
646 1476 690 1489 -
717 1448 789 1503 ΣΩ.
812 1439 854 1503 Τί
876 1438 925 1515 δίς
948 1438 1059 1519 αὐτῶν,
1085 1432 1106 1501 ὦ
1129 1438 1244 1516 ἕτοοῑρες
1268 1473 1311 1484 -

214 1666 248 1675 -
265 1637 285 1687 G
302 1643 336 1689 νῦν
353 1635 371 1688 δ’
387 1639 416 1691 αὖ
436 1641 511 1708 ίττρίν
525 1658 549 1689 τι
568 1644 628 1696 ἥκοις
648 1639 715 1704 lxm]
770 1642 795 1687 et
805 1636 881 1687 rsriis
891 1635 974 1686 modis
982 1638 1311 1701 mutcntsnttrsnsponunt

183 1703 277 1755 Omnes
291 1703 407 1753 novimus
419 1708 524 1775 φλυαρεῖς
533 1711 598 1771 ίχωυ,
607 1705 677 1768 quod
684 1708 722 1752 est
769 1703 902 1753 vocabule:
930 1718 1015 1767 omnes
1036 1702 1064 1751 in
1079 1701 1186 1751 eundem
1202 1715 1310 1751 errorem

183 1769 349 1836 increpantis,
365 1773 390 1818 et
407 1773 481 1839 ληρεῖς
497 1774 567 1837 ίχων,
583 1769 639 1818 sim·
656 1769 722 1818 Tum
769 1768 868 1818 inducti
884 1767 1042 1834 interpretari
1058 1771 1181 1816 conentur
1194 1766 1309 1837 illuderi-

182 1835 258 1885 stism
273 1850 346 1884 nomo
363 1836 462 1899 ignorat
477 1837 550 1886 verbe
561 1835 722 1903 ἥκτυοίοῖχτ-
770 1845 828 1897 τῶν,
870 1834 921 1883 uod
945 1848 989 1897 ogo
1006 1833 1056 1883 tsle
1071 1849 1123 1882 esse
1139 1831 1265 1882 contendo
1280 1836 1309 1880 nt

183 1905 236 1953 σθαι
246 1917 304 1950 cum
315 1900 455 1978 participiis
467 1907 542 1966 οίρων,
555 1909 640 1971 piper,
652 1901 721 1959 sim,
770 1900 801 1949 sb
823 1850 980 1950 auditoribus
1000 1899 1106 1963 intelligi
1121 1914 1174 1947 non
1188 1896 1308 1964 potuerit

181 1967 273 2032 possim
281 1965 366 2015 obvie:
374 1964 555 2031 qmbustcmcn
562 1966 721 2031 itcconjunc·
770 1966 809 2015 De
822 1966 915 2016 talibus
926 1965 1004 2029 igitur
1014 1965 1077 2031 qnid
1084 1964 1189 2014 sentism
1198 1964 1307 2030 primum

182 2032 216 2080 tis
238 2032 307 2081 nulls
328 2031 518 2098 vituperationis
537 2032 602 2082 inest
618 2033 664 2081 vis.
690 2032 722 2081 In
770 2031 860 2081 dicem.
885 2030 964 2091 Quod
979 2030 1007 2080 in
1022 2030 1110 2095 quouis
1127 2029 1252 2080 scribendi
1268 2044 1308 2093 ge-

108 2096 111 2103 “
183 2096 278 2174 Orstjl.
297 2099 341 2146 421
360 2098 383 2147 B
400 2102 438 2147 est
449 2104 509 2157 ήκειν
519 2113 575 2147 cum
587 2097 721 2165 participio
770 2113 827 2148 nere
843 2097 957 2161 ambigue
972 2097 1096 2163 scriptum
1109 2103 1147 2146 est
1156 2096 1194 2145 its
1204 2094 1308 2145 utvitio

182 2163 251 2213 vorbi
267 2164 428 2233 λοιδορελοθαοτ
447 2165 491 2214 sed
507 2164 567 2213 hinc
583 2164 721 2230 obvitupe·
769 2165 833 2214 verti
850 2162 937 2213 debest
953 2162 1083 2228 scriptori,
1099 2178 1129 2212 ex
1141 2162 1220 2227 hujus
1230 2161 1307 2210 inter·

181 2229 255 2278 rendi
271 2231 338 2289 vim,
352 2245 415 2295 quse
431 2229 480 2296 ipsi
491 2230 565 2279 verbo
574 2231 721 2301 λοιδορεῖσθαι
768 2229 908 2296 pretatione
931 2228 1112 2278 controversiae
1126 2228 1250 2278 meistmt
1264 2242 1307 2276 ne·

181 2295 257 2355 inest,
269 2295 334 2344 nihil
343 2295 432 2345 contiei
440 2300 534 2361 potest.
546 2295 651 2345 Restoti
670 2297 721 2345 ‘tur
768 2312 836 2346 cesso
851 2300 897 2345 set.
914 2294 993 2355 Quod
1006 2299 1089 2344 nutem
1102 2293 1211 2372 scriptor
1222 2292 1308 2344 dcdlts

147 2390 150 2394 ·
181 2359 232 2410 iere
247 2365 277 2410 nt
290 2360 633 2411 oumhccloooeoniersmus
668 2377 720 2426 org.
769 2377 844 2439 opers
859 2361 974 2424 ambigue
989 2365 1015 2410 et
1029 2360 1124 2409 incerte
1134 2359 1258 2409 dicentem
1269 2356 1306 2408 is·

181 2428 229 2476 518
253 2427 278 2475 Δ
300 2431 353 2479 cori
368 2431 411 2492 μὶν
425 2453 458 2468 -
474 2429 589 2492 ὁμολογεῖς
604 2445 643 2465 -·
661 2433 721 2486 ἥκοις
769 2433 805 2476 ert
826 2426 950 2492 aliquem,
991 2424 1118 2475 reesertim
1141 2425 1170 2475 in
1190 2424 1306 2488 dialogO,

182 2490 202 2542 δ’
224 2496 295 2557 ὀλίγον
318 2495 410 2560 ὕστερον
431 2495 498 2558 λέγων
521 2497 575 2560 νοτίς
599 2494 640 2542 oni
662 2509 720 2542 oum
768 2493 796 2542 id
817 2508 849 2542 ne
870 2507 915 2541 sus
931 2442 1092 2556 emliguitntc
1108 2491 1220 2541 evolvere
1235 2504 1307 2540 cone·

181 2559 298 2608 omnibns
322 2560 437 2623 pertibus
462 2559 496 2607 sit
520 2558 610 2607 similis
634 2559 732 2615 locusp
768 2575 838 2617 mur,
861 2573 1012 2622 quemqnam
1033 2557 1135 2623 abipso
1151 2556 1306 2606 suctorsin·

181 2639 254 2687 quem
280 2629 429 2684 trectsmue,
451 2624 494 2673 hic
516 2624 548 2673 sd
569 2640 627 2675 enm
644 2624 720 2673 corri-
768 2623 844 2674 serius
869 2623 1017 2673 illustretur.
1048 2621 1139 2686 Iteque
1162 2639 1192 2672 ex
1213 2621 1308 2672 tshlrus
1347 2675 1350 2682 ,

180 2689 276 2752 gendes
303 2689 403 2739 videtur
428 2689 557 2739 scribendo
584 2693 651 2753 λέγων
672 2705 719 2756 pro
768 2689 948 2739 controversiae
971 2693 1003 2738 ut
1022 2693 1157 2738 noscentur
1178 2687 1233 2737 fleri
1255 2703 1308 2751 non

180 2758 244 2821 ίχυν.
261 2781 295 2792 -
310 2755 390 2818 Pergo
401 2755 432 2804 sd
443 2754 557 2820 proxime
568 2757 683 2823 ἀνδρυίτε
700 2759 720 2806 οί
768 2760 859 2823 potest
889 2755 976 2819 Neque
997 2753 1141 2817 ambiguum
1161 2753 1308 2818 corrigendo

179 2840 237 2878 τινος
251 2847 286 2859 -
301 2825 322 2872 ol
339 2823 452 2888 κρείττους
463 2822 501 2872 καί
512 2824 533 2871 ol
542 2825 653 2886 βελτίους.
686 2825 719 2870 'o-
767 2821 837 2871 exiis
846 2820 994 2871 tollendum.
1011 2819 1110 2869 Esthic
1120 2819 1230 2870 Socratis
1238 2832 1307 2879 mos,

180 2885 247 2935 dices
266 2902 317 2936 non
335 2902 420 2935 omnes
436 2887 529 2935 hebent
545 2886 663 2935 ultimum
680 2903 718 2936 sr-
766 2892 797 2936 ut
819 2887 1014 2952 disputationem
1031 2891 1127 2935 mntsre
1142 2890 1168 2934 et
1183 2884 1307 2947 edulium
1370 2928 1373 2934 .
1458 2912 1460 2917 <

179 2951 294 3001 ticulum.
325 2952 391 3002 Turn
412 2952 439 3000 in
456 2957 510 3002 toto
526 2952 573 3002 hec
590 2968 718 3016 argumen-
766 2952 981 3019 trsnsirecupiens
990 2950 1308 3016 onllidesmbiguumquid·

179 3017 273 3067 tatione
289 3017 331 3077 id,
345 3018 414 3082 quod
427 3019 598 3068 secundoloco
606 3018 719 3084 positum
767 3020 825 3069 dem
841 3019 940 3084 injiciet
956 3023 982 3068 et
998 3017 1034 3067 sic
1050 3032 1121 3076 eum,
1134 3033 1244 3082 quocum
1256 3016 1308 3066 dis·

179 3086 217 3133 est
233 3085 413 3149 adjectivorum
431 3088 545 3152 κρείττους
561 3090 586 3134 et
599 3088 718 3152 βελτίους,
786 3089 852 3144 utet,
876 3084 1060 3150 imprudentem
1084 3087 1155 3146 oogst
1177 3099 1203 3133 se
1228 3083 1307 3148 sequi.

180 3155 247 3198 caret
263 3150 378 3200 articulo.
404 3149 494 3209 Recte,
511 3151 571 3216 quis
586 3152 663 3200 iidem
680 3153 718 3200 in·
766 3102 846 3212 &nod
860 3151 936 3200 etism
947 3150 990 3198 hic
1001 3149 1060 3198 iecit
1069 3148 1182 3198 Socrates
1190 3149 1307 3214 injiciens

179 3215 308 3279 telligendi
333 3221 407 3275 sunt,
429 3217 499 3265 nullo
540 3222 595 3268 soto
612 3217 718 3274 diversi,
768 3217 833 3266 illud
849 3220 876 3267 Τί
892 3217 931 3283 δίς
950 3218 1021 3267 αὑτῶν
1036 3233 1084 3281 -;
1105 3214 1146 3264 Ex
1163 3215 1223 3264 solis
1239 3215 1308 3264 enim

179 3282 316 3331 mnndum
339 3282 367 3331 id
389 3282 497 3347 qnodO
533 3283 591 3331 'cles
611 3281 665 3347 ipse
680 3282 719 3331 in-
767 3283 849 3332 tribus
869 3283 909 3331 his
926 3282 1007 3331 verbis
1023 3282 1136 3330 nondum
1152 3280 1233 3345 liquet
1250 3280 1307 3331 cel-

179 3347 236 3395 nnit
257 3348 285 3396 in
309 3351 355 3396 488
377 3347 402 3396 D
420 3347 504 3397 dicens
522 3361 596 3415 τορῶς
612 3350 669 3410 λέγω
685 3351 719 3399 ὅτι
767 3347 831 3407 ίίοίὶ,
848 3351 934 3396 utrum
951 3347 973 3395 ei
989 3347 1022 3396 ed
1038 3346 1265 3410 esintelligendnm
1273 3347 1309 3396 sit

177 3415 259 3464 ταύτὸν
283 3418 331 3464 rm
352 3417 381 3465 τὸ
403 3421 505 3482 κρεῖττον
526 3418 562 3464 καί
579 3417 606 3464 τί
620 3417 718 3477 βέλτιον.
767 3418 833 3465 πλέον
855 3416 916 3480 ἔχειν
939 3428 971 3461 cn
996 3418 1077 3481 ἄρχειν
1098 3424 1130 3462 λη
1149 3412 1218 3462 uliud
1235 3413 1308 3478 quid.

178 3477 248 3527 Hinc
270 3480 368 3544 saepius
389 3480 416 3527 in
434 3480 480 3528 hoo
497 3479 668 3545 disputatione
684 3479 718 3527 sl·
768 3480 794 3528 It
826 3495 858 3527 nc
882 3478 1010 3538 Callicles,
1034 3481 1066 3527 iis
1087 3492 1139 3528 non
1159 3478 1308 3538 intellectis,

177 3547 303 3593 teratrum
319 3545 409 3593 horum
424 3548 522 3593 tentum
539 3544 718 3593 solumscribi·
768 3561 815 3611 exp
828 3544 957 3593 'ostionem
982 3544 1095 3610 postulet
1118 3559 1237 3610 quserens
1262 3556 1309 3603 πῶς

177 3612 228 3668 tur,
236 3608 281 3657 ubi
289 3613 371 3659 temen
380 3613 515 3674 utrumque
523 3609 629 3669 intelligi
637 3610 716 3659 debet.
767 3614 853 3677 λίγεεςς
878 3609 988 3676 Objicict
1007 3609 1111 3675 uliquis,
1129 3626 1253 3676 quemque
1269 3627 1308 3660 se·

210 3702 243 3710 -
260 3673 284 3722 D
306 3677 333 3725 τί
356 3677 395 3742 δίς
420 3677 505 3739 αὐτῶν,
524 3677 541 3725 ὦ
557 3703 589 3713 -
606 3673 644 3741 (Ε)
661 3682 719 3726 πάνυ
764 3693 825 3725 num
842 3691 893 3726 non
908 3691 982 3742 posse
997 3691 1048 3724 non
1063 3676 1231 3740 intelligerent
1247 3697 1307 3745 xro:

191 3741 324 3809 ττρίδρα]
353 3741 446 3790 Multis
465 3741 579 3806 pertibus
596 3740 717 3790 laceratus
765 3743 887 3801 concedo,
903 3741 948 3806 qui
964 3742 1092 3806 sequentis
1107 3743 1200 3807 legerit.
1246 3750 1308 3808 tque

176 3761 263 3864 locus,
279 3822 354 3871 quem
369 3806 435 3855 mihi
450 3821 502 3855 non
518 3806 624 3870 contigit
640 3807 666 3855 in
679 3806 717 3856 in·
766 3808 889 3857 contendo
907 3806 1034 3857 Calliclem
1050 3823 1101 3856 non
1112 3808 1263 3859 intellexisse
1275 3809 1307 3859 il·

176 3875 275 3936 tegrum
296 3872 427 3922 restituere
447 3887 599 3937 quemquem
615 3873 717 3921 nonita
767 3872 813 3923 lud
838 3877 920 3939 αὐτῶν,
947 3874 1007 3938 quie
1030 3874 1104 3922 Pluto
1125 3890 1181 3923 eum
1198 3873 1259 3924 fecit
1276 3892 1308 3925 ne

177 3937 302 3988 difficilem
319 3938 352 3987 sd
366 3938 564 4002 intelligendum.
574 3938 637 3987 Post
646 3938 720 3988 verbs
767 3944 829 3989 tuno
854 3941 955 4004 quidem
976 3939 1005 3988 id
1025 3939 1219 4003 intelligentem,
1235 3947 1306 4006 post·

175 4007 202 4055 Τί
225 4005 263 4071 δίς
288 4007 371 4070 αὑτῶν,
397 4006 414 4056 ὦ
435 4007 529 4072 ίτᾳῖρε;
547 4004 574 4053 in
591 4004 719 4053 nonnullis
767 4021 842 4070 quom
867 4006 994 4055 Socratem
1016 4003 1075 4053 fecit
1096 4006 1261 4071 explicantem
1279 4008 1306 4057 id

177 4070 306 4119 codicibus
320 4071 448 4134 leguntur
463 4079 486 4121 τί
502 4076 517 4128 ἡ
533 4073 558 4120 τί
573 4075 688 4138 ἄρχοντας
704 4076 719 4128 ἣ
765 4087 811 4138 per
823 4072 898 4121 verbo
910 4075 976 4122 αὐτὸν
988 4073 1068 4123 ίαυτοῡ
1079 4069 1127 4135 (sic
1137 4072 1164 4120 in
1173 4072 1306 4139 singulari)

177 4141 331 4206 ἀρχομύους,
358 4153 421 4201 quoe
447 4137 532 4185 eedem
556 4136 599 4185 slii
621 4138 718 4186 codices
767 4143 882 4206 ἄρχοντα,
898 4137 1306 4205 utiluoeclnriusspperetcxip·

175 4203 261 4316 lemno
285 4207 398 4262 mutato,
423 4202 466 4251 clii
498 4203 590 4279 partim
615 4203 716 4252 hebent.
766 4207 819 4252 sins
837 4203 947 4253 Oslliclis
957 4202 1039 4251 verbis
1049 4212 1101 4260 Πῶς
1112 4206 1192 4255 lauret
1202 4211 1307 4274 ἄρχοντα

201 4266 248 4316 ihil
265 4283 328 4333 opus
345 4273 383 4317 est
399 4268 481 4318 dicere
496 4269 540 4318 rlln
556 4271 580 4320 τί
596 4273 610 4327 ἢ
627 4272 651 4320 τί
666 4272 713 4320 xri.
763 4273 847 4336 λίγειςς
865 4295 899 4308 ·-
914 4268 1011 4317 Deinde
1021 4268 1168 4333 interpretes
1180 4271 1305 4334 adjectivo

176 4333 248 4382 scioli
267 4349 369 4383 menum
392 4334 515 4394 redolere,
533 4336 656 4400 explicere
673 4350 714 4385 oc·
762 4340 860 4392 ποικίλος
883 4338 980 4401 praeter
1001 4333 1062 4383 nliss
1084 4335 1159 4384 etiem
1175 4337 1305 4386 notionem

175 4399 259 4446 nentis
275 4399 340 4448 illud
350 4403 377 4450 Τί
387 4401 424 4468 δίς
440 4402 519 4452 αὑτῶν.
537 4400 714 4450 Recentiorum
762 4401 860 4450 subdoli
877 4400 1005 4463 effingunt.
1030 4399 1079 4448 Sed
1097 4402 1235 4467 opponitur
1252 4418 1304 4452 sse·

172 4463 226 4577 jem
242 4464 286 4513 elii
302 4464 345 4513 ills
361 4470 385 4516 τί
401 4471 415 4524 ἡ
431 4471 455 4518 τί
470 4470 508 4517 κτί
523 4482 571 4532 pro
585 4465 713 4516 additiciis
761 4466 864 4532 pissime
877 4463 1085 4530 spudPlotonem
1095 4476 1128 4534 τῷ
1139 4470 1230 4525 ἁπλοῦς.
1249 4468 1305 4533 sig-

194 4528 289 4580 cbendc
309 4546 375 4590 esse,
397 4533 440 4581 elii
460 4537 548 4582 contro
564 4536 715 4582 censuerunt
761 4533 848 4582 niflcst
863 4531 1305 4599 igitur,consimplec,mcltiplec,
