3030 5294
478 308 880 401 raonuconaua
1147 324 1247 375 um

168 517 266 583 Erunt
288 515 430 593 fortasse,
455 516 508 600 qui
530 515 587 579 his¹
600 515 687 579 lectis
709 515 811 578 statim
833 537 882 578 me
904 513 1121 600 aggrediantur
1141 514 1244 600 hujus·

122 621 206 687 1110111
228 621 319 686 locis:
344 622 449 703 θαρρεῖν
471 624 529 703 zeh
551 620 640 703 ιἰιδρα
660 656 704 670 --
722 617 1246 702 ὅστις-κρσμήταςτῒιιψυχίρι-

123 731 166 810 τῷ
179 761 183 771 ’
196 730 300 803 ἑαυτῆς
330 727 445 807 κόσμῳ,
477 726 659 810 comperdas·
675 752 709 792 τε
738 727 790 791 καὶ
816 722 974 809 δικαιοσύνῃ
999 725 1048 792 acl
1070 727 1182 810 ἀνδρεία
1202 727 1252 793 acl

125 836 267 917 ἐλευθερίρ
301 834 359 898 κα7
382 833 505 916 alandalus
537 831 616 903 οὕτω,
642 833 783 913 τεριμέιει
812 836 865 907 τὴν
898 835 936 906 sle
960 831 1059 898 Ἃιδου
1080 833 1203 914 τορείαν
1217 853 1254 898 cx

124 939 288 1005 Phaedone
312 943 375 1004 114
399 937 443 1018 11,
468 938 515 1002 vel
539 935 610 1002 huic
633 938 725 1003 simili
748 937 929 1004 1111111111.
954 939 1017 1004 172
1041 935 1067 1002 Ο
1089 937 1194 1003 aliisve
1216 956 1254 1002 ex

125 1045 252 1130 reliquis
275 1045 422 1130 dialogis,
448 1044 529 1109 unde
553 1043 633 1108 idem
657 1043 835 1122 consilium,
860 1044 964 1108 ecdem
987 1043 1040 1108 illa
1061 1043 1172 1128 placita
1186 1063 1253 1129 pro·

90 1144 99 1151 ’
125 1151 242 1229 ferant,
268 1152 371 1216 eadem
394 1130 555 1236 praecepta
578 1151 616 1215 de
638 1148 745 1214 iisdem
769 1149 944 1216 virtutibus.
987 1150 1030 1215 At
1057 1171 1128 1214 vero
1152 1147 1253 1214 eadem
1303 1213 1306 1220 ,

36 1343 39 1348 .
126 1258 160 1322 in
183 1256 270 1322 nullo
294 1258 354 1321 fere
377 1256 514 1322 Platonis
537 1279 626 1343 opere
650 1277 712 1320 uon
735 1256 821 1340 tangi
843 1255 994 1333 concedo,
1020 1254 1073 1341 sed
1096 1255 1254 1321 vehemen·
1355 1269 1356 1273 ’

125 1371 174 1429 111
195 1385 273 1449 nego
295 1364 328 1427 in
352 1363 418 1427 ullo
442 1363 502 1427 alio
526 1362 629 1427 dedita
652 1382 743 1447 opera
766 1362 952 1446 argumentis
968 1360 1184 1437 demonstrari,
1201 1383 1256 1426 cur
1318 1441 1324 1450 ,

126 1491 163 1533 ea
193 1490 270 1552 quae
300 1492 318 1534 a
348 1468 469 1533 Socrate
501 1467 538 1531 ad
571 1464 664 1532 'animi
691 1467 798 1545 κόσμον
821 1467 989 1532 referantur
1012 1488 1067 1552 pro
1091 1464 1255 1531 virtutibus

124 1559 266 1639 habenda
288 1575 370 1652 sint,
394 1596 448 1639 cur
472 1573 527 1637 hae
550 1574 679 1639 virtutes
703 1573 871 1638 necessario
895 1572 1048 1638 felicitatis
1071 1572 1133 1637 sint
1155 1571 1256 1637 fontes

126 1679 258 1764 ideoque
282 1678 436 1745 colendae.
472 1677 582 1763 Neque
603 1679 636 1742 in
659 1677 724 1744 ullo
749 1677 808 1758 alio
828 1677 947 1763 dialogo
967 1662 1254 1743 contra‘sentientes

127 1785 285 1849 contrariis
302 1785 423 1849 illarum
438 1785 586 1849 virtutum
603 1784 677 1869 (1.1.
695 1784 775 1848 vitiis
792 1782 959 1865 secundum
971 1783 1137 1868 Socratem)
1151 1790 1251 1868 patro-

129 1891 279 1955 cinantur.
304 1889 414 1973 Neque
430 1889 463 1953 hi
478 1889 551 1954 alibi
562 1889 767 1968 ἀδαμαντίνοις
777 1887 874 1968 λόγοις
885 1889 905 1953 i.
917 1912 942 1954 e.
958 1886 1186 1954 demonstrandi
1196 1886 1257 1954 for·

130 1996 225 2062 mulis
240 1994 516 2074 ἀναμφισβητήτως
536 1995 771 2079 redarguuntur.
796 1993 859 2059 Ubi
870 2015 940 2059 vero
952 1995 1071 2060 eaedem
1087 2017 1134 2059 res
1146 1994 1178 2059 in
1189 1994 1256 2058 aliis

130 2103 261 2187 dialogis
284 2108 472 2178 tractantur,
495 2100 679 2166 theoreticae
700 2108 730 2165 et
745 2100 974 2185 psychologicae
989 2091 1134 2186 quaedem
1152 2121 1256 2186 quaes·

129 2208 231 2272 tiones
253 2207 461 2272 instituuntur
483 2227 530 2272 ex.
553 2229 597 2290 gr.
621 2205 658 2271 de
682 2213 791 2271 natura
813 2206 950 2283 11111111,
969 2205 1007 2270 de
1023 2204 1159 2292 partibus
1175 2208 1256 2292 ejus,

49 2346 54 2354 ·
132 2313 173 2378 de
193 2300 311 2377 ratione
336 2333 397 2398 qua
419 2311 535 2375 homini
557 2311 777 2392 παραγίγνεται
801 2318 832 2376 11
855 2331 915 2396 qua
936 2332 972 2376 ex
988 2299 1082 2377 animi
1097 2310 1211 2376 viribus
1226 2318 1258 2375 'et

133 2417 293 2505 affectibus
324 2417 357 2482 in
389 2400 424 2481 eo
447 2417 600 2502 gignitur,
624 2417 655 2480 in
680 2415 1074 2503 Gorgiaautempra'ctioa
1096 2416 1133 2482 de
1156 2424 1259 2482 esest

122 2514 288 2610 'quaestio,
313 2530 343 2587 et
363 2514 541 2608 simpliciter
556 2521 701 2608 probatur
717 2528 748 2587 et
762 2521 994 2589 commendatur
1009 2522 1104 2588 virtus
1118 2530 1156 2588 ut
1171 2545 1258 2588 veras

102 2629 287 2696 ·felicitatis
311 2651 428 2714 parens.
912 2624 916 2632 ’
998 2638 1000 2642 ’

201 2959 292 3042 Quo
325 2959 523 3027 TEMPORE
557 2957 741 3026 GORGIAS
775 2959 961 3048 neamus
990 2959 1198 3028 FINGI'PUB
1290 2981 1293 2985 ’

440 3081 497 3160 ΕΤ
525 3080 617 3163 QUO
651 3081 847 3148 scalenus
880 3082 966 3149 EST.

184 3270 331 3356 Dialogus
349 3271 476 3356 fingitur
494 3270 616 3337 habitus
636 3272 714 3338 inter
731 3269 902 3350 Socratem,
926 3270 1088 3358 Gorgiam,
1109 3257 1218 3338 Polum
1233 3279 1263 3338 et
1360 3280 1361 3283 ’

135 3375 313 3454 Calliclem,
339 3377 469 3441 Athenis
491 3377 522 3440 in
547 3376 637 3441 domo
653 3374 804 3456 Calliclia,
821 3375 1017 3442 audientibus
1033 3375 1263 3463 Chaerephonte

137 3484 303 3567 (perpauca
324 3480 441 3547 dicente
460 3482 548 3546 initio
571 3489 600 3546 et
623 3483 655 3546 in
679 3483 743 3545 458
767 3490 797 3546 11
821 3482 918 3569 481),
933 3481 1065 3547 Socratis
1080 3483 1220 3550 familiari
1235 3489 1265 3549 et

140 3585 258 3664 sodali,
271 3594 301 3651 et
312 3587 472 3673 permultis
484 3586 655 3672 Gorgicnae
668 3587 832 3672 rhetorices
845 3586 1079 3653 admiratoribus
1091 3590 1167 3674 (447
1181 3587 1262 3667 AB,

136 3693 204 3756 455
228 3688 270 3768 O,
297 3693 361 3754 458
386 3689 471 3768 ΒΟ,
489 3694 552 3757 461
571 3690 611 3770 u,
629 3691 751 3769 487Β,
769 3695 833 3756 490
850 3691 1003 3778 Blzquod
1020 3702 1120 3760 autem
1138 3693 1176 3759 ad
1191 3702 1265 3760 tem·

136 3819 199 3883 pus
222 3797 348 3874 attinet,
374 3796 523 3861 Archelao
546 3796 743 3872 Macedoniae
764 3819 835 3883 rege
857 3800 932 3883 (471
957 3799 1016 3884 A),
1041 3808 1110 3885 post
1131 3822 1264 3886 pugnam
1328 3863 1332 3871 .

137 3902 177 3967 ad
204 3902 387 3988 Arginussas
410 3904 485 3988 (478
502 3901 540 3988 E)
565 3911 596 3967 et
618 3912 688 3968 ante
711 3902 877 3968 Alcibiadis
902 3905 1263 3992 1111111111(519Β)1.1.

137 4008 221 4074 iuter
243 4007 294 4072 Ol.
319 4011 372 4072 93.
393 4011 427 4073 d.
452 4014 482 4073 et
504 4010 558 4072 94.
585 4011 613 4075 l.
628 4058 631 4061 ,
647 4007 747 4089 Quem
770 4032 884 4074 annum
906 4009 1265 4095 accubantesque

34 4102 36 4109 ’
138 4113 192 4178 hio
221 4111 306 4178 locus
336 4111 398 4178 tam
427 4106 623 4178 manifestum
654 4112 755 4192 facit,
772 4122 808 4179 ut
830 4115 941 4201 reliqui
962 4116 1023 4180 loci
1045 4118 1085 4183 47
1090 4119 1108 4181 2
1132 4117 1176 4195 A,
1201 4118 1264 4180 508

59 4248 62 4255 ·
139 4218 213 4296 alii,
244 4218 299 4302 qui
329 4240 400 4283 cum
430 4226 559 4302 utroque
590 4219 649 4283 hoc
678 4240 813 4305 pugnare
836 4220 1012 4300 videantur,
1037 4230 1090 4287 eut
1112 4222 1155 4287 ita
1176 4223 1267 4288 inter·

138 4323 281 4410 pretendi
304 4324 382 4399 siut,
407 4332 441 4389 ut
458 4324 548 4410 hujus
565 4325 724 4411 utriusque
738 4325 816 4390 ratio
833 4325 992 4407 habeatur,
1008 4335 1062 4394 aut
1077 4327 1264 4415 corrigendi,

139 4431 204 4495 nisi
226 4424 293 4514 quis
315 4428 475 4495 Platonem
498 4431 689 4517 negligenter
702 4431 940 4497 confundentem
956 4439 1094 4521 tempora
1109 4433 1265 4522 dialogum
1313 4440 1321 4532 ’ν

139 4534 296 4620 scripsisse
319 4533 489 4602 existimare
511 4535 606 4601 malit.
