3030 5294
333 311 355 360 ι
504 276 507 289 ’
698 285 1097 354 ruounoouuur.

334 497 431 561 tiones
462 495 820 578 confirmentur,‘quum
851 514 887 556 ex
914 491 957 556 sic
979 491 1135 577 dispositis
1158 513 1210 576 per
1232 515 1264 556 se
1288 492 1454 577 prodeant,
1504 485 1507 488 ’

333 603 427 665 satius
454 613 552 664 tamen
590 600 663 663 duri
697 597 977 683 interpretationem
1009 597 1172 681 quamdam
1202 598 1326 676 addere,
1359 621 1456 682 quan-

333 707 496 792 doquidem
520 707 565 770 vel
589 704 794 788 copiosissime
818 703 954 787 exposita
976 703 1007 766 in
1031 703 1128 786 primo
1148 701 1241 788 hujus
1258 703 1374 766 critices
1391 727 1456 788 spe·

332 815 457 890 uimine,
481 811 561 897 quod
586 833 665 875 auno
693 811 775 873 1862
801 808 899 888 edidi,
920 809 1109 889 anonnullis
1122 831 1183 873 non
1194 809 1453 894 intelligebantur.

333 920 428 1006 Cujus
461 919 504 982 rei
537 917 711 991 testimonio
744 921 789 978 est
821 915 860 986 εἷς
892 916 939 979 τὸν
971 914 1015 978 ast
1044 914 1143 994 χρόνον
1166 927 1397 980 monumentum
1421 919 1454 981 in
1483 904 1485 908 ⁸

332 1025 434 1088 diariis
457 1022 568 1086 nostris
591 1021 725 1108 ejusdem
748 1020 821 1084 anni
842 1041 946 1082 revera
969 1020 1225 1103 decucurrimus,
1249 1022 1362 1106 quippe
1383 1023 1456 1086 ref·

331 1152 399 1194 rens
423 1129 550 1214 speciem
574 1126 735 1212 quamdam
755 1125 866 1211 judicii
889 1124 1002 1198 deillo
1026 1125 1189 1209 specimine
1212 1149 1282 1191 cum
1306 1127 1455 1212 improba·

333 1237 415 1301 tione
438 1234 476 1298 ab
499 1233 565 1318 ipso
590 1231 805 1318 pseudojudice
829 1229 988 1294 manifesto
1013 1252 1074 1294 non
1090 1231 1323 1297 intellectorum.
1358 1233 1455 1299 Uber·

332 1349 425 1406 tatem
449 1349 551 1404 autem
575 1361 639 1403 eam
664 1337 886 1423 quodammodo
902 1358 1110 1422 compensasse
1126 1360 1174 1401 me
1190 1347 1274 1423 puto.
1299 1337 1453 1404 Nimirum

334 1446 391 1510 riri
420 1445 502 1510 docti
536 1451 651 1508 textum
679 1443 866 1507 illustrantes
897 1452 990 1525 atque
1019 1443 1212 1526 emendantes
1237 1444 1328 1528 vulgo
1352 1445 1456 1509 multis

333 1549 503 1617 rationibus
526 1573 544 1614 a
565 1548 656 1613 rebus
680 1546 844 1612 tractandis
867 1545 1014 1611 aberrant.
1053 1547 1189 1612 Primum
1213 1548 1293 1613 euim
1317 1572 1456 1634 magnam

333 1667 448 1743 partem
468 1656 697 1720 annotationum
719 1652 893 1717 nominibus
914 1654 1047 1716 numeris
1064 1663 1094 1715 et
1108 1653 1192 1737 siglis
1204 1676 1259 1718 nec
1272 1678 1333 1720 non
1347 1656 1457 1721 tumul·

333 1763 440 1827 tuariis
464 1763 527 1826 suis
550 1759 732 1845 conjecturis
755 1758 906 1844 complere
925 1758 1034 1822 solent.
1057 1757 1137 1822 Tum
1155 1759 1245 1848 etiam
1262 1761 1456 1846 superiorum

333 1869 532 1953 interpretum
556 1863 725 1949 probabiles
748 1866 937 1949 conjecturas
960 1885 1016 1926 suo
1039 1864 1168 1948 quisque
1188 1864 1305 1948 judicio
1330 1889 1455 1951 perpen-

334 1974 458 2050 dentes,
483 1971 509 2035 si
532 1992 593 2055 qua
616 1993 717 2034 earum
741 1968 820 2032 bona
839 1970 876 2032 iis
893 1968 1044 2056 videatur,
1062 1991 1123 2031 non
1140 1968 1237 2033 dicam
1253 1973 1456 2055 κολακεύουσι,

286 2138 288 2142 .
333 2079 386 2143 sed
419 2101 480 2142 non
503 2100 569 2142 raro
593 2077 665 2140 satis
689 2074 786 2158 ample
810 2075 874 2159 ejus
898 2083 1051 2138 auctorem
1075 2074 1215 2139 laudibus
1241 2077 1386 2156 efferunt,
1410 2080 1457 2142 siu

334 2185 430 2262 mala,
454 2184 574 2267 gravius
598 2194 688 2266 atque
712 2179 903 2245 acerbius‘in
927 2180 991 2266 ejus
1015 2189 1169 2245 auctorem
1192 2180 1394 2261 invehuntur,
1420 2183 1457 2247 ad

334 2300 498 2374 utrumque
531 2288 622 2368 εὐνοίᾳ
648 2286 777 2370 quadam
799 2295 836 2367 τῇ
861 2286 969 2350 ἑαυτῶν
992 2285 1116 2370 delapsi.
1162 2285 1271 2370 Neque
1295 2288 1376 2351 bunc
1399 2289 1457 2371 igi-

334 2405 386 2460 tur
417 2417 530 2459 morem
561 2399 684 2456 secutus
716 2413 802 2466 sum,
834 2400 925 2474 atque
956 2391 998 2453 sic
1026 2390 1204 2474 aequalibus
1227 2414 1347 2476 parcere
1371 2395 1458 2478 potui

337 2501 429 2584 vulgo
453 2498 602 2584 ineptiora
625 2495 843 2561 disserentibus
861 2478 896 2559 'et
920 2494 1147 2559 venditantibus
1168 2496 1206 2559 de
1224 2497 1351 2562 Platone
1368 2521 1458 2583 quam

335 2607 504 2692 superiores
527 2605 714 2688 interpretes.
749 2601 904 2666 Praeterea
926 2601 1012 2665 facile
1035 2602 1068 2665 in
1092 2601 1147 2665 hac
1170 2602 1303 2667 editione
1325 2628 1342 2668 a
1364 2606 1458 2669 nomi·

335 2711 424 2775 nibus
449 2709 598 2774 abstinere
622 2708 725 2792 potui,
750 2706 832 2790 quod
853 2705 931 2770 hanc
951 2715 1086 2770 nostram
1107 2708 1287 2772 emendandi
1307 2711 1457 2774 rationem

335 2839 424 2880 nemo
448 2815 637 2899 superiorum
653 2813 860 2896 interpretum
884 2812 1027 2896 suscepit.
1062 2811 1099 2874 ln
1123 2812 1255 2877 editione
1278 2821 1379 2879 autem
1405 2816 1459 2879 Di·

336 2920 459 2984 dotiana
482 2919 554 2982 anni
579 2921 679 2992 1856,
705 2938 765 3000 qno
789 2904 923 3000 tempore
944 2917 995 2980 vix
1014 2915 1150 2982 ambram
1171 2918 1331 3002 quamdam
1352 2920 1457 2984 harum

336 3048 436 3090 rerum
462 3024 615 3103 videbam,
640 3011 757 3088 summa
780 3022 855 3086 mihi
878 3022 934 3086 luit
953 3023 1061 3107 religio
1082 3024 1229 3108 cujusque
1241 3026 1460 3092 emendationis

337 3141 488 3197 auctorem
512 3131 676 3196 nominare.
710 3128 818 3222 Itaque
843 3150 944 3197 aarum
965 3137 1122 3217 auctorum
1144 3130 1265 3193 nomina
1286 3130 1460 3197 desiderans

339 3237 426 3302 adeat
448 3236 579 3301 indicem
602 3237 690 3300 istius
714 3235 864 3318 editionis.
899 3232 977 3298 Nam
1001 3256 1089 3297 nemo
1113 3233 1271 3299 Platonem
1296 3259 1364 3302 oum
1388 3240 1460 3302 tiro·

337 3341 428 3408 nibus
457 3343 592 3433 lecturus
624 3342 763 3425 ignorare
794 3346 895 3424 potest
925 3340 1061 3403 omnium
1086 3338 1175 3424 longe
1198 3342 1312 3424 optime
1336 3343 1373 3406 de
1396 3344 1460 3428 ejus

340 3458 426 3513 textu
446 3449 587 3512 meritum
606 3447 817 3510 Heindorfium
830 3445 1031 3520 Germanum,
1045 3445 1226 3508 nostratium
1239 3447 1461 3514 clarisssimo

338 3555 415 3621 advo
439 3553 690 3618 Valckenaerium
714 3560 744 3616 et
766 3553 814 3616 rba
837 3557 892 3616 τῶν
913 3557 961 3615 νῦν
981 3549 1148 3636 Gobetum,
1164 3552 1280 3637 Anglos
1296 3555 1461 3638 superioris

340 3660 446 3725 aetatis
481 3658 655 3723 Dobraeum
685 3666 715 3721 et
746 3666 865 3721 nostrae
888 3653 1078 3737 Badhamum
1101 3693 1146 3707 -·-
1167 3657 1239 3736 hos,
1264 3658 1348 3736 dico,
1373 3683 1461 3724 nemo

339 3767 498 3832 Platonem
521 3747 712 3829 auditoribus
736 3762 927 3846 expositurus
950 3762 1088 3845 ignorare
1111 3770 1230 3846 potest,
1260 3763 1462 3830 etiamsinon

340 3871 517 3937 nominatim
541 3870 684 3934 citantur.
716 3867 750 3932 Si
772 3866 840 3951 quis
863 3873 966 3945 autem
989 3873 1053 3944 est,
1078 3868 1131 3950 qui
1153 3867 1230 3947 forte
1253 3867 1328 3932 scire
1343 3871 1462 3954 cupiat,

341 3999 472 4064 quorum
496 3976 632 4040 codicum
655 3974 799 4038 lectiones
821 3973 994 4049 retulerim,
1018 3974 1044 4036 is
1067 3973 1201 4057 egregios
1222 3972 1353 4038 Bekkeri
1373 3998 1462 4060 appa·

340 4091 424 4149 ratus
454 4081 602 4166 inspiciat.
649 4078 687 4141 ln
719 4078 872 4142 studiosae
896 4077 976 4141 enim
997 4078 1166 4163 juventutis
1188 4100 1279 4142 usum
1302 4079 1380 4143 hanc
1403 4080 1462 4144 edi-

341 4188 456 4252 tionem
480 4208 590 4272 parans
613 4205 731 4248 omnem
756 4183 910 4248 doctrinae
930 4183 1063 4273 speciem
1086 4205 1154 4246 cum
1178 4182 1240 4246 iani
1262 4183 1314 4248 illa
1337 4207 1461 4270 pompa,

341 4293 374 4356 in
405 4314 464 4376 qua
495 4292 645 4356 innumeri
677 4290 736 4354 loci
768 4297 798 4353 et
830 4288 958 4352 editores
990 4288 1077 4351 citari
1109 4295 1139 4350 et
1170 4287 1318 4352 cumulari
1344 4290 1462 4370 solent,
1496 4315 1503 4328 ·

339 4395 502 4483 juvenibus
538 4418 640 4462 reuera
673 4394 838 4477 Φόβητρον,
877 4400 1025 4477 quantum
1059 4391 1147 4476 potui
1180 4391 1315 4478 evitavi..
1355 4394 1464 4462 Potius

343 4502 489 4588 erogetioi
523 4523 646 4566 munere
680 4498 835 4565 interdum
867 4498 991 4563 functus
1024 4519 1091 4561 sum
1126 4496 1209 4560 falsis
1239 4498 1464 4584 interpretatio-
