3030 5294
547 321 961 394 inconsonans.
1207 348 1209 352 ν
1264 345 1328 390 xxv
1376 308 1379 312 ’

183 525 238 603 oe,
261 523 388 589 luerunt
410 531 513 590 tamen
536 549 582 591 ex.
606 550 651 611 gr.
674 528 851 607 Ἀριστείδης
872 529 1100 610 όΛνσιμοόχον,
1118 530 1270 616 aaroni)
1285 569 1327 583 «-

182 627 273 696 αὗται
303 630 352 695 τόν
381 629 427 695 ἀεὶ
458 631 559 711 χρόνον
587 631 629 698 τόν
659 631 859 714 Φοβεριότατα
889 633 1061 714 ποόσχουοαι
1085 638 1136 700 οὐκ
1162 636 1326 714 όνίνανται,

182 733 286 808 ἀλλοις
316 735 553 815 παραδείγματα
576 775 618 786 -
642 738 782 814 όεάματα
814 739 1026 818 νουόετήματα.
1040 784 1042 788 =
1058 740 1146 806 ἐνιότε
1179 742 1286 807 εἰσιδὼν
1311 742 1326 807 ό

182 841 323 917 δικαστής
338 841 453 913 δικαίως
468 840 650 921 βίβιωκνῒαν
662 843 842 930 plerumque
853 844 980 928 ίδιιότον,
999 845 1137 934 μάλιστα
1148 846 1326 929 φιλοσόφον,

182 948 223 1020 εἰς
245 947 385 1029 μακοόρων
409 948 508 1023 νήσους
530 946 698 1030 ἀπέπεμψε
721 986 765 1002 -·
789 952 854 1015 526
879 950 917 1017 Ι).

536 1172 695 1239 ‘OAPU'P
718 1173 892 1244 VII-oet
918 1176 952 1242 E.

236 1343 376 1411 Socrates
398 1353 572 1426 παρακαλεῖ
590 1346 656 1418 τοὺς
679 1342 789 1420 ἀλλονς
812 1345 929 1420 πιόντας
952 1346 1112 1427 ἀνθρώπους
1137 1354 1168 1411 et
1192 1348 1273 1414 ἀντι·

348 1442 522 1531 παρακαλεῖ
541 1448 697 1516 Calliclem
722 1450 760 1515 ad
783 1451 833 1517 τδν
855 1453 884 1517 ἓν
906 1452 1071 1536 Φιλοσοφία
1091 1451 1164 1528 βίον.

232 1619 323 1701 Quod
340 1628 505 1706 postquam
519 1620 593 1686 fecit
608 1621 747 1686 Socrates
763 1623 806 1686 sic
822 1623 940 1707 pergite
959 1621 1080 1704 ὀνειδίζω
1099 1618 1143 1689 σὀι
1159 1620 1327 1708 (Callicli),

186 1723 231 1792 ότι
254 1729 313 1807 οὐχ
335 1722 389 1797 dte
412 1726 439 1791 τ’
462 1726 521 1793 ἔσει
541 1729 641 1810 σαυτῷ
659 1727 821 1806 caesara,
840 1726 912 1794 όταν
934 1731 951 1805 ή
971 1727 1034 1806 δίκη
1052 1751 1095 1793 σοι
1114 1726 1151 1811 ή,
1171 1729 1257 1794 ἀλλά
1268 1766 1328 1808 -‚

185 1831 303 1897 ἐπειδοίν
324 1856 375 1898 σου
395 1832 611 1911 ἐπιλαβόμενος
634 1834 648 1896 ό
671 1833 782 1905 Αἰακὸς
804 1833 867 1916 ἄγη
889 1871 952 1910 -,
974 1858 1009 1898 σε
1032 1831 1099 1906 ἴσως
1119 1836 1262 1909 τυπτήσει
1281 1858 1327 1907 τις

173 1937 235 2003 Δἐπί
250 1938 349 2020 κόρρης
365 1941 443 2022 (486
459 1937 487 2004 Β
502 1936 557 2024 Ο);
573 1976 618 1987 -
633 1939 660 2002 si
675 1937 801 2024 quidem
815 1977 861 1989 --
875 1939 960 2017 μόνος
979 1935 1061 2013 οὗτος
1080 1943 1183 2021 ήρεμεί
1195 1942 1210 2006 ό
1220 1938 1325 2018 λόγος,

74 2130 78 2137 Ι
102 2050 107 2057 ’
186 2048 224 2117 er
247 2044 428 2122 εὐλαβητέον
449 2045 483 2110 τδ
505 2044 613 2110 ἀδικεῖν
630 2039 754 2122 ’μαλλον
768 2051 820 2110 τοῦ
834 2039 993 2110 ἀδικεῖσθαι
1011 2047 1086 2140 (cap.
1104 2045 1131 2110 1.
1148 2044 1228 2110 Soet.
1245 2042 1282 2109 II
1297 2051 1328 2111 ct

186 2171 253 2236 cap.
266 2149 327 2215 ΠΙ.
352 2152 370 2238 d
390 2151 440 2238 1),
457 2148 512 2215 ’καί
529 2150 639 2223 παντὸς
659 2153 778 2227 μᾶλλον
792 2149 871 2229 ἀνδρὶ
886 2150 1062 2226 μελετητέον
1075 2149 1109 2215 τό
1125 2150 1238 2230 ἀγαόδν
1253 2146 1326 2217 εἶναι

185 2257 237 2321 καί
260 2256 319 2339 ίδίρι
336 2255 387 2322 καί
410 2256 542 2339 δημοσία·
565 2255 693 2336 δεύτερον
712 2255 824 2335 ἀραόὸν
841 2256 876 2321 τὸ
890 2257 1044 2335 γίγνεσθαι
1059 2256 1173 2323 διδόντα
1188 2257 1282 2332 δίκην,
1298 2256 1326 2320 si
1398 2296 1402 2305 ·

187 2362 258 2448 quis
280 2361 411 2445 ἀδικήσῃ·
432 2371 470 2444 σή
494 2364 621 2444 ῥητορική
642 2357 785 2443 χρηστέον
807 2360 855 2427 ε’πί
878 2359 912 2426 τό
934 2361 1040 2428 δίκαιον
1061 2361 1108 2428 αἐδ
1127 2361 1177 2426 καὶ
1192 2372 1230 2444 τῇ
1245 2359 1327 2446 ἄλλη

133 2455 137 2465 ’
188 2466 271 2550 πόση
287 2464 402 2547 πρήξει.
422 2503 467 2518 -
483 2465 673 2543 ἀκολούθησον
689 2467 812 2546 ἐνταῦθ’,
823 2460 852 2531 oi
862 2467 1040 2548 ἀφικόμενος
1051 2467 1265 2546 εὐδαιμονήσεις
1275 2468 1327 2533 καὶ

187 2571 242 2654 ζων
273 2571 323 2638 καί
353 2573 555 2650 τελευτήσας,
579 2609 624 2622 -
645 2569 737 2650 όοίρρει
759 2573 812 2645 τήν
835 2571 941 2651 ἄτιμον
962 2575 1075 2647 ταύτην
1097 2574 1227 2652 πληγήν·
1249 2573 1327 2639 οὐδὲν

188 2679 249 2759 γὰρ
272 2679 480 2753 δεινδνπείσει,
496 2679 548 2744 ε’όιν
562 2679 602 2759 τῷ
618 2677 675 2743 όντι
690 2675 724 2760 ής
740 2677 831 2769 καλός
846 2679 978 2757 κάγαθὸς
992 2681 1089 2744 ἀσκῶν
1104 2678 1219 2760 ἀρετήν·
1234 2700 1327 2765 quam

188 2784 374 2861 ἀσκήσαντες
392 2783 531 2865 demum
564 2784 758 2862 ε’πιόησόμεόα
786 2791 847 2856 τοῖς
878 2791 1046 2856 πολιτικοῖς.
1078 2783 1248 2849 secundum
1278 2784 1334 2850 τδν.

101 2900 103 2907 “
187 2889 276 2968 λόγον
306 2874 393 2955 enim
420 2885 501 2963 οὗτος
522 2890 538 2956 ό
560 2887 664 2969 τρόπος
685 2876 800 2970 ἀριστος
819 2894 873 2969 τοῦ
895 2889 981 2968 βίον,
1004 2891 1057 2966 τήν
1078 2889 1255 2965 δικαιοσύνην
1278 2890 1328 2956 καί

188 2996 241 3071 τήν
272 2995 369 3072 ἀλλην
400 2997 504 3076 ἀρετήν
531 2995 695 3066 ἀσκοῦντας
718 2995 769 3060 καὶ
792 2994 844 3074 ζήν
866 2997 915 3060 καί
939 2994 1082 3062 τεόνοόναι·
1106 2997 1198 3076 τούτῳ
1219 2990 1267 3061 οὖν
1287 2997 1329 3077 τῷ

190 3102 270 3182 λόγῳ
299 3101 438 3179 ἑπώμεόα
469 3139 529 3177 u»,
560 3100 604 3178 μή
633 3099 745 3181 ἐκείνῳ,
775 3094 797 3182 ᾧ
827 3101 865 3166 σὺ
891 3103 1034 3166 πιστεύων
1057 3102 1110 3179 ἐμὲ
1131 3108 1327 3180 παρακαλεῖς·

191 3204 252 3273 ἔστι
274 3207 336 3288 νόορ
357 3205 467 3278 οὐδενός
489 3202 588 3284 ἀξιος,
611 3201 632 3268 ὦ
654 3205 843 3278 Καλλίκλεις.

659 3393 855 3406 *nn-

489 3540 680 3606 coneum
715 3497 1030 3606 aeconomum.

239 3713 330 3778 Nihil
354 3711 509 3777 difficilius
533 3735 623 3799 quam
649 3713 780 3797 Gorgiae
804 3722 1016 3798 argumentum
1039 3713 1103 3776 siue
1126 3712 1229 3777 thema
1245 3712 1328 3797 quod

194 3818 302 3885 dicunt
334 3820 438 3904 paucis
469 3828 500 3882 et
535 3819 679 3883 dilucidis
709 3817 808 3883 verbis
834 3818 1005 3903 complecti.
1049 3819 1145 3885 Multi
1167 3819 1224 3884 viri
1246 3818 1330 3883 docti
1402 3888 1406 3903 „

65 4001 77 4020 δ
194 3925 344 4011 imprimis
369 3924 451 4010 apud
477 3925 645 3989 Germanos
669 3925 702 3989 in
726 3925 783 3988 hac
805 3946 839 3988 re
862 3923 1057 3988 elaborarunt
1081 3932 1111 3988 et
1127 3945 1183 3987 sno
1199 3925 1329 4011 quisque

194 4032 286 4097 modo
310 4031 412 4096 thema
435 4032 590 4119 quoddam
607 4031 722 4116 dialogi
738 4030 953 4107 defenderunt,
970 4029 1023 4093 sed
1039 4017 1132 4112 vulgo
1149 4038 1202 4092 aut
1218 4032 1331 4114 partim

196 4146 317 4201 tantum
333 4146 386 4201 aut
402 4147 463 4203 tam
481 4139 646 4223 generatim
667 4146 698 4201 et
717 4137 876 4201 indefinito
894 4135 927 4200 id
943 4128 1185 4220 descripserunt,
1199 4143 1235 4199 ut
1250 4135 1332 4220 ipsas

171 4296 174 4304 .
195 4264 241 4306 res
250 4293 260 4322 ,
281 4244 319 4306 de
341 4242 453 4327 quibus
474 4244 634 4329 primariae
653 4243 846 4326 quaestiones
859 4240 1018 4318 habentur,
1035 4262 1123 4305 nemo
1135 4239 1222 4304 facile
1235 4263 1271 4304 ex
1283 4263 1334 4305 eo·

197 4369 265 4413 rum
290 4348 495 4434 descriptione
515 4356 615 4412 mente
635 4349 799 4413 informare
815 4349 928 4432 possit,
946 4346 1059 4410 nedum
1071 4346 1250 4411 nominatim
1263 4369 1331 4433 pro·

196 4452 270 4518 ferre
293 4465 324 4517 et
348 4453 462 4538 eloqui.
498 4453 597 4517 'lanta
619 4465 724 4518 eutem
747 4453 780 4517 in
804 4452 862 4517 hoo
879 4452 1002 4537 dialogo
1017 4473 1118 4516 rerum
1134 4453 1283 4537 estcopia
1299 4460 1331 4516 et

197 4558 341 4637 venetos,
362 4568 424 4624 tam
444 4557 568 4623 subtilis
588 4559 812 4643 argumentatio
831 4557 987 4623 Socratica
1009 4565 1040 4621 et
1061 4556 1219 4641 ingeniosa
1234 4557 1333 4621 diver·

1174 4678 1208 4720 τε
