3030 5294
142 327 222 372 xv111
255 345 259 356 ·
504 307 906 374 Puonuuorru-Nn.

143 517 243 575 πατοῖν
264 511 330 582 τοὺς
353 512 469 589 νόμους,
496 507 541 584 οὓς
564 513 588 576 οἱ
611 513 736 583 ύσύενεῖι
760 519 790 576 et
812 514 836 577 οῖ
860 510 960 577 πολλοὶ
983 513 1126 588 τίθενται,
1151 534 1188 576 ne
1211 512 1261 577 ille

142 619 235 681 αὐτῶν
258 617 344 681 πλέον
367 616 432 698 ἔχη.
458 638 550 700 quare
573 618 663 680 etiam
681 617 743 680 *hoc
767 618 886 699 αῖτχρδν
902 627 933 681 et
947 615 1042 683 ἄδικον
1057 617 1164 682 dicunt
1180 639 1261 694 esse,

142 728 172 783 et
194 720 227 786 τδ
249 722 335 787 πλέον
359 721 437 801 ἔχειν
460 748 502 781 =
524 722 557 787 τδ
579 723 685 787 οῖδιιιεῖν
708 731 766 786 etc.
783 759 826 771 -
852 725 915 786 484
932 722 974 800 C,
993 723 1104 806 quibus
1122 722 1262 807 deinceps

141 824 264 890 uberius
288 827 429 910 expositis
452 825 592 911 objurgat
614 826 784 903 Socratem,
810 836 845 891 ut
867 829 900 893 τδ
922 834 1092 910 ΦιλοσοΦεῖν
1109 827 1201 900 ἑνίσας
1217 865 1262 879 -·-

140 932 317 1013 ΦιλοσοΦίας
339 933 398 1013 pap
423 928 483 997 ύτον
506 932 639 1004 παιδείας
657 925 743 1012 ρροίριν
761 932 851 997 καλὸν
867 933 1059 1012 μετέχειν-
1074 934 1115 998 τοὶ
1127 935 1263 999 πολιτικοὶ

141 1043 240 1119 gerat,
272 1045 307 1100 ut
335 1025 392 1099 silri
419 1037 484 1121 ipse
507 1039 601 1122 possit
623 1038 751 1114 βοηίεῖν,
776 1059 808 1101 se
830 1039 863 1102 ἐκ
885 1038 1062 1117 δικαστηρίου
1084 1039 1116 1102 ε’κ
1138 1040 1261 1104 ύανοίτοο

140 1139 245 1222 σώζειν.
270 1127 360 1225 quam
383 1141 625 1226 objurgationem
649 1141 771 1205 taudem
794 1141 910 1206 claudit
932 1140 1066 1205 mordaci
1088 1140 1146 1206 hoo
1162 1142 1262 1208 dictor

139 1247 188 1312 τὸν
217 1247 250 1321 δὴ
279 1252 400 1312 τοιούτω
431 1247 616 1331 (ΦιλύτοΦον)
640 1284 682 1296 -
719 1246 816 1323 ξεστιν
845 1247 893 1312 ε’πδ
923 1247 1018 1328 ηύρρηι
1047 1247 1198 1313 τύπτοντα
1220 1250 1262 1326 μη

140 1351 241 1417 διδύναι
263 1352 340 1427 δίκην
363 1388 408 1400 -
431 1354 494 1414 486
519 1352 558 1415 D.

184 1455 258 1520 Post
287 1457 487 1541 interruptam
519 1456 755 1541 disputationem
784 1493 827 1506 -—
850 1457 914 1520 488
946 1455 972 1518 Β
1004 1455 1140 1520 Socrates
1170 1456 1262 1522 Calli·

85 1612 90 1617 .
140 1561 235 1640 clem,
259 1562 312 1646 qui

189 1666 222 1732 l0
243 1689 333 1732 sunm
355 1663 479 1745 βελτίων
502 1666 550 1730 καί
574 1667 707 1747 κρείττων
724 1669 801 1750 (484
821 1665 861 1754 C)
878 1688 960 1730 nuno
975 1666 1193 1751 interpretatur
1210 1689 1263 1753 per

140 1773 336 1853 ἰσχυρότερος,
360 1773 402 1836 sic
424 1771 558 1853 refutat:
582 1771 622 1836 τίι
645 1777 700 1836 τῶν
723 1777 863 1859 πολλῶνἰ
877 1772 941 1835 sinc
960 1769 1054 1861 (lubio
1079 1773 1265 1853 ἰσχυροτέρων

141 1879 188 1961 (ε
210 1876 369 1956 κρειττόνων
392 1876 472 1940 κατὰ
494 1875 592 1960 Φύσιν)
616 1881 665 1940 τοῦ
688 1876 764 1953 ἑνὸς,
788 1877 897 1954 loppa
920 1876 1020 1961 (νόμον
1035 1878 1100 1938 484
1124 1877 1265 1969 Aleae&

140 1982 229 2062 Φύσιν
252 1989 325 2046 sunt
346 1981 444 2062 καλοδ,
470 1981 578 2066 quippe
602 1979 755 2059 βελτιόνων
777 1979 861 2046 ὄντων
883 1980 1051 2045 secundum
1073 1982 1172 2067 ipsum
1195 1980 1264 2046 Cal·

140 2086 249 2151 liclem.
287 2085 369 2170 Ergo
402 2087 435 2152 τδ
468 2086 575 2150 οῖδικεῖν
608 2107 669 2150 non
700 2093 820 2151 tantam
853 2086 947 2167 νόμῳ,
979 2084 1032 2150 sed
1063 2070 1154 2151 etiam
1176 2087 1265 2168 Φύσει

141 2189 256 2270 αἴσχιον
280 2227 323 2240 -—
347 2193 409 2253 489
434 2188 470 2254 C.
506 2189 661 2254 Calliclem

185 2293 221 2357 2⁰
242 2295 322 2360 idem
345 2294 468 2373 βελτίων
491 2295 538 2360 καί
562 2295 694 2376 κρείττων
711 2295 961 2378 interpretantem
972 2316 1025 2380 per
1040 2295 1263 2376 Φρονιμύτερσς,

142 2399 184 2464 sic
212 2400 323 2464 refutat
356 2399 508 2464 Socrates:
537 2400 739 2481 Φρονιριύτερος
763 2406 861 2483 potest
884 2422 947 2463 esse
961 2399 1176 2473 creatarum
1202 2388 1265 2466 om·

142 2506 226 2570 nium
246 2506 289 2569 ita
308 2514 343 2569 ut
360 2506 446 2585 Φύσει
467 2505 610 2569 damnum
634 2505 761 2590 accipiat
783 2505 815 2568 ἐκ
832 2510 883 2568 τοῦ
900 2506 986 2569 πλέον
997 2504 1076 2586 ἔχειν
1089 2529 1116 2571 v.
1128 2527 1154 2571 c.
1166 2506 1263 2572 σιτίων

143 2611 248 2675 saltem
272 2619 301 2674 et
323 2619 416 2675 ποτῶν
439 2647 483 2659 -
506 2613 570 2673 490
594 2608 628 2672 C.
662 2607 801 2673 Callicles

187 2714 222 2778 3⁰
251 2715 330 2778 idem
361 2713 485 2791 βελτίων
515 2713 563 2778 καί
594 2712 726 2792 κρείττων
758 2712 831 2776 dicit
855 2742 887 2767 =
910 2712 1042 2794 Φρίνιμοε
1073 2714 1179 2786 είς-τοὶ
1210 2723 1263 2790 τῆς

143 2820 253 2891 πόλεως
288 2820 455 2898 προίαριατα
491 2825 521 2880 et
551 2818 688 2902 οίνδρεῖος,
722 2817 808 2902 cujus
838 2819 984 2882 estuaret
1006 2817 1094 2900 Φύσιν
1117 2819 1265 2904 imprimis

143 2923 244 3006 ἄρχειν
267 2931 322 2989 τῖον
344 2923 470 2998 πίλεων,
495 2920 555 2987 τῶν
571 2921 670 2987 ἄλλων
695 2959 737 2973 -
760 2925 820 2986 491
848 2922 883 2986 Β.
907 2921 1044 2987 Socrates
1064 2932 1165 2988 antem
1185 2946 1267 2988 nunc

144 3028 276 3095 transilit
298 3029 507 3094 refutationem
531 3027 693 3091 instituens
716 3027 924 3112 quaestionem
947 3028 1040 3091 hanc:

494 3198 627 3263 Utrum
659 3196 773 3261 istum
806 3195 996 3284 (Φρίνιμον)
1019 3195 1133 3285 etiem
1157 3196 1267 3293 αύτδν

542 3303 672 3387 ἑαυτοῦ
695 3302 750 3366 δεῖ
768 3299 895 3383 ἄρχειν
916 3301 988 3379 ie.
1012 3307 1078 3366 τοῖν
1098 3303 1131 3365 ἑν
1151 3301 1266 3399 faurqi

540 3406 736 3484 ἐπιθυμιῶν
763 3405 895 3490 (Confer.
920 3408 982 3468 596
1007 3405 1220 3506 0-509104

191 3572 329 3640 Callicles
341 3575 532 3640 vehementer
543 3572 717 3640 adversatur
728 3575 874 3661 (quocum
883 3560 1267 3642 hio-500summnm'est

148 3685 298 3746 certamen
321 3679 456 3765 Socrati)
470 3679 654 3744 contendens
677 3682 755 3745 τοῦτ’
777 3701 841 3743 esse
863 3679 897 3744 τὸ
911 3679 991 3745 κατα
1007 3674 1197 3761 Φύσινκαλδν
1212 3682 1262 3755 καί

147 3785 266 3860 δίκαιον,
291 3807 353 3850 uno
377 3784 484 3863 verbo,
507 3783 587 3849 τοῦτ’
610 3786 748 3859 esserto
771 3785 891 3865 οίρετην,
914 3784 947 3850 τδ
968 3785 1025 3857 τοῖς
1049 3785 1102 3862 μὲν
1117 3786 1268 3865 ἐπιθυμίας

147 3891 203 3964 τοδε
225 3891 327 3956 ἑαυτοῦ
351 3892 401 3955 εὀῖν
422 3891 459 3962 τίς
481 3889 629 3967 μεγίστας
652 3887 722 3954 εἶναι
745 3889 793 3954 καί
817 3890 858 3967 μη
878 3889 1023 3970 κολάζειν,
1036 3888 1161 3962 ταύταις
1173 3891 1196 3955 δ’
1207 3893 1269 3981 ίκα-

73 4074 75 4078 ¹
148 3995 193 4061 νδν
215 3991 285 4061 εἶναι
310 3997 455 4076 ὑπηρετεῖν
478 3995 498 4059 i.
517 4016 543 4058 e.
567 3989 848 4075 irctprlfarripffsr
864 4018 902 4073 ys
916 3996 998 4059 πίύεν
1013 3995 1170 4074 πλύρωσινζ
1187 3996 1268 4081 quod

148 4099 287 4167 ἀδύνατον
306 4107 365 4173 τοῖς
388 4107 517 4171 πολλοῖς·
542 4098 601 4165 tta
622 4100 744 4180 ψέγουσι
763 4100 987 4173 τοὺςτοιούτοος
999 4136 1043 4148 -
1057 4096 1146 4164 asan
1159 4101 1271 4178 γίγνον-

149 4230 198 4272 ται
221 4207 244 4270 οἱ
266 4207 404 4287 ἄνθρωποι
429 4206 483 4271 ὑπὸ
504 4212 554 4271 τοῦ
578 4210 669 4271 καλοῦ
688 4210 739 4270 τού
762 4213 814 4281 τῆς
834 4203 1009 4280 δικαιοσύνης
1029 4204 1077 4268 καί
1096 4204 1271 4288 τῆςσωΦρο-

149 4310 228 4384 νύνης
253 4320 307 4375 etc.
330 4312 424 4393 τρνΦη
448 4310 502 4394 (sic
525 4310 627 4394 pergit
650 4309 800 4393 Callicles)
824 4309 873 4373 καί
893 4308 1098 4374 ύκολασίακαὶ
1111 4310 1269 4390 ε’λενύερία,

150 4415 200 4479 ἕοδν
222 4416 380 4495 ἐπικουρίαν
401 4415 473 4498 ἔχη,
497 4423 541 4479 est
561 4415 648 4496 οίρετνί
663 4439 696 4479 τε
711 4415 760 4479 καὶ
778 4412 924 4489 εὐδαιμονί
931 4430 933 4435 ’
959 4451 1002 4462 -
1018 4416 1081 4477 499
1099 4413 1143 4477 D:
1160 4414 1271 4482 deinde

150 4519 189 4583 ad
212 4519 344 4585 Socratis
367 4520 499 4599 dictum,
523 4524 555 4586 τδ
574 4519 690 4600 μηδενὸς
710 4520 815 4584 δεῖσίαι
839 4516 1094 4597 εεεεεύδαίαονος,
1109 4520 1270 4604 respondet
