3030 5294
224 303 284 387 ιιι
607 319 923 384 rumoris

216 525 329 597 δικοίος
359 521 538 603 διαχειρίζειν
568 519 604 586 άν
633 546 678 593 τις
710 523 855 606 ε’πιτρέπη·
888 519 928 595 είς
958 523 987 588 δὲ
1012 523 1063 589 κοί
1085 523 1163 589 πάνυ
1186 521 1383 600 ε’λλθχιρσοςΒ

216 629 320 707 γέγονε
341 628 392 693 acl
414 629 453 698 είς
476 629 541 699 τοὺς
563 625 671 698 ἄλλους
692 628 859 707 Ἕλληνάς,
882 629 1056 709 Ἀριστείδης
1078 629 1091 693 θ
1110 627 1307 707 Λυσιμάχου·
1325 628 1350 692 οἱ

216 735 244 799 δὲ
267 732 386 813 πολλοὶ,
410 728 431 796 ὦ
454 729 571 810 ἄριστε,
595 734 675 796 κοικοί
699 733 849 810 χίχνοντιιι
872 739 928 797 τῶν
950 733 1105 800 δννοστῶν.

259 837 416 904 LXXXII„
438 835 533 916 Ὅπερ
556 832 601 903 οὖν
624 837 740 914 ἔλεγον,
763 838 877 902 ἐπειδάν
898 840 911 904 θ
931 822 1130 914 Ῥιιδάρκοινθυς
1141 840 1248 910 ἐκεῖνος
1260 845 1352 904 τοιοῦ-

133 1032 135 1036 Α
215 944 263 1010 πθν
294 967 358 1009 τινοι
387 941 489 1024 λάβη,
521 940 596 1006 ἄλλο
627 943 680 1019 μὲν
710 943 773 1023 περί
805 946 893 1037 edred
919 946 969 1008 οθκ
994 940 1083 1025 οίδεν,
1105 943 1160 1009 οὔθ’
1181 941 1263 1024 ὅστις
1285 944 1348 1009 οὔθ’

215 1046 348 1126 ὧντινων,
373 1046 415 1113 θπι
438 1047 467 1113 δὲ
489 1044 604 1128 πονηρθς
626 1067 687 1119 τις·,
705 1049 754 1113 κοί
777 1055 861 1129 τοῦτο
884 1049 1004 1114 κοστιδὼν
1025 1049 1202 1129 άπθπεμψεν
1219 1050 1260 1121 είς
1274 1047 1348 1128 πάρ-

216 1177 301 1235 ποιρσν
324 1150 589 1236 ἐπισημηνάμενος,
613 1152 713 1217 ἐάντ’
736 1151 851 1231 ἰάσιμος
874 1154 924 1219 εἰίν
946 1154 974 1218 π’
996 1155 1114 1227 άνίοιτος
1136 1154 1201 1235 δοκῇ
1226 1150 1350 1218 είνοιι·θ

216 1259 242 1323 δ’
269 1258 356 1323 ε’κεῑσ’
386 1256 561 1338 άφικθρκενος
592 1258 633 1321 πά
656 1259 834 1336 προσνίκυνπιι
856 1257 978 1339 πάσχει·
1001 1260 1089 1323 ε’νίοτε
1111 1259 1136 1323 δ’
1161 1257 1257 1330 άλλην
1281 1258 1380 1326 εἰσι-(ί
1464 1262 1467 1269 '

217 1364 267 1429 δθιν
290 1363 370 1435 ὁσίως
393 1361 569 1440 βεβιοικνίοιν
592 1362 641 1426 acl
665 1356 909 1441 ριθπ”άληθείιις,
933 1364 1028 1443 άνδρδς
1051 1364 1158 1429 ἰδιώτου
1178 1364 1274 1443 τινος,
1290 1362 1350 1441 μά

219 1485 308 1534 λιστοι
329 1470 398 1545 μὲν,
421 1466 518 1545 ἔχοχέ
539 1473 636 1548 φημι,
659 1462 681 1533 ὦ
703 1471 896 1543 Κκλλίκλεις,
921 1469 1081 1549 Φιλοσόφου
1104 1469 1144 1534 τά
1167 1470 1256 1534 κὺτοῦ
1273 1469 1350 1548 πρά·

221 1573 333 1655 ξυντος,
353 1572 402 1637 acl
429 1574 460 1637 σθ
482 1573 816 1652 πολοπρκχμονθσιιντος
840 1574 867 1637 ἕν
890 1577 930 1652 τῷ
952 1574 1028 1652 βίῳ,
1052 1572 1165 1652 ἠγάσθη
1186 1599 1222 1638 τε
1244 1572 1296 1638 acl
1321 1575 1349 1644 ἐς

219 1679 356 1759 ριιικάροιν
386 1679 485 1753 νήσους
518 1677 692 1757 άπέπεμψε.
719 1677 819 1743 andrai
840 1683 941 1743 πιιῦτο
963 1678 1012 1742 κυνί
1036 1680 1049 1743 θ
1072 1677 1189 1749 Αίοικθς.
1214 1678 1350 1755 ἑκάτερος

220 1786 249 1849 δὲ
278 1784 384 1849 τούτων
415 1782 519 1863 ῥάβδον
549 1782 626 1863 ἔχων
658 1781 774 1862 δικάζει·
805 1784 818 1848 θ
850 1783 881 1846 δὲ
903 1783 1000 1854 Μίνως
1023 1783 1182 1847 ἐπισκοπῶν
1205 1781 1349 1867 κάθηποιι,

221 1890 303 1966 μόνος
325 1888 402 1969 ἔχων
424 1894 547 1969 χρυσοῦν
569 1895 728 1966 σκῆπτρον,
746 1885 786 1978 ιθς
808 1893 896 1968 φησιν
921 1887 1080 1960 Ὀδυσσεὺς
1102 1889 1115 1953 ὅ
1137 1888 1266 1967 Ὀμήρου
1281 1887 1384 1954 rutil)

221 1994 307 2060 ariade
1026 1978 1029 1983 Ι

218 2092 221 2100 “
353 2079 474 2161 χρύσεον
496 2088 637 2160 σκῆπτρον
660 2080 788 2162 ἔχοντά,
810 2079 1016 2159 θεμιστεύοντά
1039 2081 1172 2147 νέκυσσιν.

226 2221 305 2296 ’Eat
335 2218 388 2294 μὲν
417 2215 479 2302 οὖν,
507 2216 527 2284 ὦ
550 2219 743 2294 Κοιλλίιιλεις,
767 2217 820 2300 ὑπὸ
843 2217 950 2284 τοθτιον
971 2224 1027 2283 τῶν
1049 2219 1144 2295 λθχον
1167 2216 1347 2298 πέπεισμοιι,

227 2325 276 2390 κοιί
299 2331 410 2408 σκοπῶ,
432 2321 507 2395 θπιις
529 2325 740 2406 άποφυνοῦριοιι
763 2327 803 2387 τί·
826 2335 904 2406 κριτῇ
927 2327 962 2392 ὡς
979 2325 1154 2401 θχιεσπάτην
1169 2327 1221 2399 την
1236 2327 1351 2405 ψυχήν.

224 2433 337 2513 χοίρειν
358 2426 403 2494 οὖν
426 2428 517 2500 ἕάσοις
539 2431 594 2498 τάς
617 2430 709 2506 τιμάς
731 2431 787 2501 τάς
809 2435 865 2494 τῶν
887 2436 1001 2494 πολλῶν
1023 2431 1259 2509 άνθράπιον,·τὺν
1275 2433 1349 2505 άλνί-

204 2537 303 2601 ,θειοιν
325 2540 437 2598 σκοπῶν
458 2532 632 2614 πειράσοριοιι
654 2535 695 2614 τῷ
717 2532 774 2600 θνσι
796 2537 832 2606 ὡς
855 2534 891 2600 άν
914 2535 1039 2612 δθνωριοιι
1062 2533 1216 2612 βέλτιστος
1239 2537 1278 2601 ὢν
1300 2538 1349 2602 acl

255 2721 336 2772 526ss
355 2718 637 2785 d‘l’adclpardusa'reiece]
659 2720 759 2770 Diserte
807 2737 863 2770 mus
879 2725 939 2786 post
955 2726 969 2779 ἡ
983 2724 1051 2771 άδδου
1060 2741 1117 2777 τινος
1127 2735 1185 2769 mox
1197 2720 1349 2772 iucobviu.

221 2788 284 2838 dicit
301 2792 400 2843 auctor,
417 2790 476 2851 poet
493 2787 619 2851 copiosius
631 2787 759 2852 disputata
839 2814 872 2824 -
889 2788 913 2836 D
930 2795 969 2846 τὴν
985 2792 1089 2846 ἀλήθειαν
1105 2788 1200 2850 σκοπῶν]
1223 2786 1258 2836 Iu
1269 2789 1350 2838 Phae·

222 2854 254 2905 de
271 2857 370 2918 ίασίμσις
386 2856 411 2902 et
427 2856 524 2910 ἀκάτοις
545 2852 573 2900 iu
590 2855 639 2920 52⁵,
654 2853 759 2902 B-nra
790 2853 881 2902 ‘donis
897 2853 1007 2903 editione
1020 2854 1073 2917 jam
1089 2853 1164 2902 verbo
1179 2853 1291 2902 indicavi
1301 2871 1351 2920 pro

186 2979 188 2991 Ι
221 2921 258 2980 Β,
276 2937 302 2970 se
319 2920 361 2967 hic
378 2925 487 2995 repetere
503 2918 590 2982 paucis
607 2934 670 2982 quae
686 2935 759 2985 eupe-
808 2930 895 2971 σκοπῶν
909 2919 1081 2985 reponendum
1095 2934 1148 2968 esse
1164 2926 1244 2970 ἀσκῶν.
1277 2919 1350 2971 1110

221 2987 275 3037 rius
291 2986 388 3036 dixerat
404 3001 432 3033 m
449 2985 496 3032 524
513 2983 537 3031 D
561 2983 662 3036 Ἐπειδὰν
677 2985 712 3036 οὖν
728 3011 760 3031 -μ
808 2991 961 3047 concurrunt
977 2989 1042 3042 ὁσίως
1058 2989 1083 3034 et
1099 2982 1152 3050 μετ’
1167 2990 1275 3047 ἀληθείας
1290 3002 1350 3036 aum

221 3056 234 3104 δ
243 3055 392 3119 Ῥαδάμανθυς
398 3055 488 3108 insinno,
496 3055 617 3108 ἐπιστήσας
627 3054 673 3102 κτί.
682 3067 760 3114 usque
809 3061 863 3118 ζῆν,
874 3057 899 3101 et
905 3052 975 3117 apud
984 3050 1176 3116 Xenophontem
1185 3051 1268 3100 Anab-
1276 3052 1315 3103 ΙΙ.
1325 3055 1350 3112 6,

123 3136 124 3139 ’
221 3120 254 3168 ad
271 3119 485 3176 θθῠΑάνατλῆναι
496 3124 527 3169 τά
538 3127 678 3187 προσήκοντα
690 3122 758 3182 πάθη,
808 3121 838 3166 25
861 3135 940 3168 unum
963 3117 1079 3181 idemque
1094 3117 1191 3181 periodi
1207 3119 1350 3168 membrum

221 3185 260 3235 Iu¹
270 3185 362 3250 quibua
378 3189 476 3233 tautum
494 3183 556 3247 quid
572 3185 603 3232 de
618 3184 759 3243 cluniensia·
807 3185 882 3234 habet
904 3190 924 3237 cl
947 3188 1003 3234 θσιοι
1022 3188 1047 3232 et
1064 3188 1084 3234 ot
1100 3187 1205 3241 ἀληθειαν
1220 3191 1348 3243 ἀσκοῦντος.

221 3257 286 3302 oeret
309 3250 519 3300 Rhadamanthus
538 3251 671 3309 docuerat,
697 3262 759 3301 uou-
808 3251 913 3300 Accedit
938 3250 1062 3315 primum,
1087 3249 1155 3314 quod
1174 3251 1243 3314 apud
1263 3251 1349 3300 Plato-

221 3319 282 3367 dum
303 3318 366 3381 quid
383 3317 414 3366 de
430 3320 530 3378 ιασίμσις
546 3333 649 3365 suorum
664 3318 759 3380 indige·
807 3333 864 3366 uem
881 3323 919 3368 καὶ
935 3327 1048 3370 σκοπῶ-
1060 3326 1144 3367 σκοπῶν
1151 3315 1348 3380 parsealiquam

220 3400 321 3442 uarum,
348 3398 427 3447 neque
452 3383 514 3446 quid
536 3383 567 3431 de
589 3386 653 3442 ὁσίοις
673 3399 759 3433 eorum
807 3382 967 3433 offensionem
995 3381 1078 3431 habet.
1121 3381 1250 3439 Secrmdo,
1275 3384 1350 3447 ‘quod

211 3457 351 3517 βεβιωκόσι.
386 3449 463 3509 Quod
488 3449 566 3511 igitur
588 3465 655 3499 nuuc
677 3451 758 3499 tribua
807 3456 882 3501 άσκιῑν
903 3454 929 3498 et
946 3450 1038 3499 σκοπεῖν
1053 3447 1171 3497 facillime
1187 3447 1349 3504 confundun-

220 3516 302 3566 verbia
318 3520 416 3564 enarrat
432 3515 599 3578 complectens
616 3531 713 3571 omues,
728 3516 759 3565 de
806 3516 893 3565 turin
910 3515 1045 3564 codicibus.
1069 3513 1126 3563 Imo
1142 3529 1188 3578 pro
1205 3514 1286 3578 priori
1297 3537 1349 3567 τκσ·
1384 3550 1387 3558 ·

219 3581 312 3645 quibus
329 3581 522 3629 Rhadamantho
535 3581 661 3646 judicium
678 3581 757 3631 feren-
792 3591 843 3632 ’πῶ
862 3581 978 3630 nonnulli
996 3581 1092 3630 codices
1111 3579 1203 3628 hahent
1222 3586 1294 3633 ἀσκῶ.
1315 3608 1350 3621 -

221 3647 290 3696 dum.
321 3647 411 3710 Itaque
432 3646 509 3695 iidem
530 3662 629 3713 omnes,
646 3663 709 3709 quos
726 3648 758 3696 ad
807 3647 941 3711 Sequentia
962 3653 1102 3714 πειράσομαι
1123 3649 1243 3712 βέλτιστος
1266 3651 1295 3698 ὣν
1310 3652 1350 3700 καί

219 3728 358 3778 pronomen
374 3716 465 3771 ἐκείνους
481 3712 508 3761 in
526 3717 572 3761 524
584 3713 608 3762 D
620 3713 758 3776 iutelligen·
808 3723 848 3776 ζῆν
863 3718 916 3778 καὶ,
933 3715 1023 3764 ἐπειδάν
1039 3718 1182 3776 ἀποθνήσκω,
1194 3717 1349 3772 ἀποθνήσκειν.

219 3779 266 3828 dos
283 3795 335 3828 esse
346 3778 468 3837 diximus,
481 3778 556 3827 etiam
566 3778 758 3842 hiciutelligan-
807 3796 858 3829 nou
879 3779 973 3829 intucta
994 3779 1026 3828 ab
1047 3779 1231 3842 interpolatore.
1261 3779 1349 3840 Quam

219 3850 263 3895 tur
287 3859 384 3894 necesse
409 3850 454 3893 est.
490 3843 563 3894 Unde
587 3849 689 3909 apparet
712 3861 758 3908 pro
808 3846 874 3894 enim
900 3845 952 3894 vim
979 3845 1070 3893 habent
1101 3847 1190 3894 ἐπειδὰν
1216 3843 1350 3906 ἀποθνήσκω

220 3917 298 3973 &rubos
322 3911 399 3960 fuisse
424 3914 506 3962 ἐκείνων
531 3911 547 3960 i.
569 3927 592 3959 e.
618 3924 660 3962 τῶν
679 3917 703 3961 ἐκ
719 3921 759 3970 τῆς
807 3915 965 3969 ἀποθνήσκειν.)
983 3911 1081 3960 sciolus
1097 3923 1130 3976 τῷ
1141 3915 1286 3968 ἀποθνήσκειν
1296 3913 1350 3964 vim

199 4010 201 4014 ,
220 3976 452 4043 'teins-epternac».
466 4005 498 4015 —
512 3977 591 4025 Porro
601 3977 707 4040 legimus
718 3978 760 4027 hic
807 3984 846 4030 τοῦ
862 3983 963 4031 τεθνάναι
979 3993 1031 4025 ease
1047 3981 1116 4025 ratus
1132 3977 1171 4026 vel
1187 3977 1275 4040 potius
1292 3979 1350 4042 opi·

220 4049 258 4096 καί
275 4052 342 4095 τοῦτο
358 4047 453 4098 κατιδὼν
469 4044 610 4094 secundum.
621 4060 707 4093 omnes
717 4059 760 4093 co·
807 4050 881 4093 natus
897 4043 1058 4109 adscripsisse
1071 4043 1170 4091 videtur
1180 4042 1246 4091 illud
1258 4047 1351 4097 θπιιδάι

220 4111 287 4160 dices
303 4116 399 4175 praeter
410 4126 488 4159 unum
500 4110 550 4172 (τὸν
560 4109 639 4158 Paris.
652 4109 703 4175 V),
715 4111 759 4174 qui
808 4116 951 4170 ἀποθνήσκω,
968 4110 1038 4173 quod
1048 4124 1091 4171 ego
1101 4113 1183 4158 tamen
1194 4125 1277 4172 neque
1290 4128 1351 4162 eum

139 4229 144 4240 Ι
219 4177 294 4225 habet
317 4182 393 4227 τοῦτον
414 4181 557 4241 ροοντσῦτσ.
590 4175 692 4225 Nullam
713 4193 758 4234 nos
807 4181 908 4230 τεθνάναι
931 4175 1028 4224 ferrem.
1058 4175 1117 4223 Nou
1138 4190 1202 4238 opus
1225 4191 1281 4225 ease
1302 4178 1351 4228 tali

218 4257 323 4292 numero
335 4243 450 4291 codicum
461 4242 636 4292 auctoritatem
644 4243 757 4292 tribuen·
806 4243 900 4297 medela
923 4242 1032 4290 diceutes
1055 4241 1141 4289 audire
1164 4241 1228 4289 mihi
1251 4243 1351 4294 videor,

219 4313 257 4357 tea
279 4323 335 4358 eum
358 4318 424 4357 nunc
442 4309 568 4371 sequimur
585 4308 710 4366 codicem,
727 4324 756 4357 ex
805 4308 898 4358 Ferant
920 4307 998 4370 igitur
1020 4307 1097 4356 istud.
1131 4306 1167 4354 ut-
1190 4323 1223 4356 ne
1245 4309 1302 4359 solo
1319 4327 1352 4362 ao
1446 4320 1450 4336 ·

198 4398 200 4406 ¹
218 4389 269 4438 quo
292 4390 343 4423 uuo
359 4375 453 4423 multae
470 4375 547 4423 borrae
563 4375 681 4424 lectiones
697 4390 755 4440 pro-
804 4375 941 4437 gaudeant,
957 4374 1081 4438 accipiant
1092 4372 1166 4422 ctiam
1176 4388 1201 4421 v.
1213 4388 1251 4436 gr.
1264 4385 1353 4443 παρὰ.

219 4440 326 4490 dierunt.
368 4440 586 4500 Quemadmodum
618 4441 656 4490 vel
684 4441 754 4490 nullu
804 4462 873 4506 σορσιι
898 4469 931 4477 -
956 4445 1099 4509 θηρηησρίνκι
1119 4443 1172 4502 ral,
1193 4442 1288 4493 θπιιδὰν
1306 4465 1351 4496 κα-

219 4507 304 4556 oodicc
326 4511 440 4567 auctore,
458 4508 501 4557 sed
517 4507 603 4556 eodem
618 4506 754 4556 Germano·
805 4511 886 4572 θτὺδω,
905 4508 1023 4559 καθιθδιιν.

217 4588 275 4626 rum
289 4573 389 4631 critico,
405 4581 473 4640 ψυχὴν
487 4573 658 4640 recipiendum
671 4589 754 4625 cenas·
