3030 5294
581 119 987 200 rnonnoounnu
1212 166 1222 177 .
1260 140 1346 207 mv

217 345 259 393 nc
277 322 396 409 parergi
419 321 493 408 quid
517 322 662 409 prossipsc
684 321 904 408 illota-pro
927 344 976 399 re,
1001 344 1064 409 qua
1086 322 1124 389 de
1145 330 1270 409 agetur,
1288 323 1344 391 ha

216 427 294 495 beat.
318 428 357 493 In
376 427 813 514 poemenionem-interpretes
825 427 917 493 ctiam
927 414 1108 494 recentiores
1120 429 1213 515 vulgo
1224 428 1344 511 inducti

215 533 440 619 sunt‚·quippe
460 532 635 599 adhucdum
654 532 771 599 nnllam
791 555 913 617 prorsus
934 532 1177 618 syllogismorum
1194 535 1342 601 rationem

214 638 371 707 hahentes.
403 637 558 723 Exemplis
582 624 713 704 utamur.
749 637 860 704 Omnia
884 660 961 722 quae
977 638 1173 724 disputantur
1188 647 1219 703 et
1235 661 1340 705 omnes

214 743 383 829 syllogismi
405 743 459 827 qui
482 741 666 809 adhibentur
689 742 760 808 nde
783 766 802 808 a
824 747 888 809 tao
911 750 1016 809 contra
1031 729 1272 819 aduersariorum
1288 745 1341 831 hy·

215 848 355 935 potheees
364 897 373 926 ,
396 849 430 914 τὸ
453 847 559 933 dhis:
575 847 721 933 vasseto,
735 848 769 915 τὸ
784 849 898 929 aaran
913 873 956 909 =
970 849 1003 914 τὸ
1019 849 1122 927 κοινόν,
1139 850 1342 927 uniuatrium

213 955 343 1023 illorum·
367 953 503 1038 capitum
525 953 707 1034 σωφροσύνης
731 976 823 1021 causa
843 955 1074 1021 instituentes}
1104 954 1260 1021 Nimirum
1283 955 1341 1024 hoc

214 1059 407 1150 refutationis
427 1058 550 1125 ιΙΙοιιιιιιι
573 1058 806 1143 hypothesium,
827 1059 885 1125 hoc
901 1061 996 1125 totius
1012 1060 1105 1146 hujus
1122 1060 1339 1145 disputationis

214 1172 261 1231 ast
290 1165 469 1255 consilium,
496 1171 532 1229 ut
554 1163 676 1229 invictis
698 1165 885 1249 argumentis
909 1165 1134 1231 demonstretur
1156 1164 1339 1250 σωφροσύνην

214 1292 281 1337 ease
301 1271 445 1336 uirtutem
468 1269 654 1353 (οἱκονιοοσίοον,
670 1269 839 1347 πλεονεξίην
854 1270 913 1337 alia
931 1271 1107 1357 hujusmodi
1122 1293 1183 1337 nun
1200 1295 1269 1351 csse
1283 1275 1341 1339 vir·
1459 1324 1464 1337 .

212 1379 328 1464 tutes),
351 1398 442 1461 qnam
467 1377 522 1461 qui
544 1375 625 1442 colat
646 1375 764 1442 felicem
786 1378 880 1442 vitam
902 1377 1009 1442 vivere.
1034 1377 1135 1458 Quod
1157 1400 1218 1443 non
1242 1385 1347 1445 attam·

176 1481 318 1561 ndentes
337 1483 517 1567 interpretes
535 1503 582 1547 em
599 1503 642 1567 gr.
665 1481 698 1547 in
717 1483 783 1566 ipsa
801 1481 858 1548 illa·
875 1483 1034 1569 hypothesi
1046 1483 1079 1549 sd
1091 1483 1141 1560 ἡδὺ
1157 1507 1200 1543 =:
1211 1483 1340 1561 faysen

211 1609 282 1653 cnm
310 1588 375 1673 ejus
404 1587 589 1653 refutatione
620 1587 723 1671 magni
752 1588 905 1670 momenti
929 1589 1032 1653 nescio
1054 1587 1129 1672 quid
1153 1588 1253 1655 videre
1277 1588 1336 1654 sihi

212 1692 370 1771 ridentur,
401 1694 608 1771 immemores,
640 1692 765 1778 opinor,
789 1693 972 1779 hypothesin
996 1695 1117 1759 theseos
1139 1716 1230 1760 causa
1252 1717 1338 1775 esse,

210 1821 272 1865 non
302 1805 424 1872 contra,
457 1808 487 1862 et
518 1788 702 1884 hypothesin
730 1799 840 1877 everti,
865 1807 900 1863 nt
924 1799 990 1886 ipsa
1012 1798 1106 1864 thesis
1129 1782 1228 1865 cadat.
1269 1798 1340 1868 dam

211 1905 267 1971 hac
298 1905 346 1969 sia
375 1911 508 1969 errantes
538 1903 629 1968 iidem
660 1927 722 1968 non
753 1904 920 1990 potuerunt
948 1928 1010 1970 non
1038 1906 1070 1971 in
1093 1905 1224 1970 alterum
1246 1907 1337 1972 simul

213 2032 342 2077 errorem
365 2010 535 2086 incurrere,
560 2007 614 2073 ubi
633 2008 748 2094 dialogi
764 2018 978 2094 argumentum
995 2011 1042 2075 vel
1057 2011 1217 2076 consilium
1234 2034 1338 2078 eruere

214 2122 357 2183 conantes
379 2137 547 2180 sermonem
570 2115 603 2178 in
626 2115 725 2200 capita
748 2114 794 2179 vel
816 2125 917 2201 partes
938 2116 1128 2202 dispertiunt.
1153 2106 1335 2203 Exemplum

216 2222 284 2287 uida
307 2222 338 2286 in
359 2220 462 2285 eadem
478 2219 592 2305 dialogi
607 2226 700 2304 parte.
725 2218 854 2299 Eorum,
872 2243 950 2306 quae
962 2221 1106 2307 leguntur
1118 2222 1149 2286 in
1161 2224 1335 2287 nar-'500

211 2334 241 2393 et
263 2349 354 2392 unam
377 2325 559 2406 σωφροσύνην
581 2332 617 2389 ut
643 2324 784 2390 virtutem
807 2325 978 2391 defendunt
1000 2349 1018 2392 a
1040 2325 1174 2393 Calliclis
1191 2327 1335 2412 argutiis,

210 2439 323 2518 partem
346 2431 507 2518 quamdam
532 2431 585 2495 alii
611 2453 680 2497 cum
703 2432 954 2515 praecedentibus
978 2432 1031 2497 alii
1050 2454 1118 2497 oum
1139 2430 1353 2516 sequentihus⁴

210 2538 439 2623 conjunxerunt.
481 2533 553 2601 Non
584 2557 662 2621 nego
692 2536 840 2602 nonnulla
870 2556 907 2602 ex
923 2537 1169 2602 4001--500-ἰιι
1192 2538 1338 2623 proximis
1419 2526 1421 2530 Α

210 2652 239 2709 et
259 2641 340 2720 alibi
366 2641 451 2726 tangi
481 2649 512 2706 at
542 2628 659 2727 repeti:
691 2665 795 2709 verum
827 2638 928 2709 tamen
959 2644 1042 2734 quod
1069 2650 1179 2711 auctor
1208 2644 1337 2731 suscipit

209 2749 344 2825 irtel,
368 2746 454 2812 idio
480 2750 542 2811 000
567 2747 605 2812 ab
629 2769 664 2812 eo
688 2748 725 2812 ad
750 2750 840 2814 finem
862 2749 988 2836 perduci
1011 2750 1181 2835 contendo,
1205 2749 1333 2835 ideoque

209 2853 293 2919 nullo
325 2861 413 2939 pacto
445 2854 580 2939 disjungi
610 2874 707 2939 posse.
750 2854 875 2920 Summa
904 2856 999 2941 igitur
1028 2856 1060 2920 in
1091 2857 1147 2922 hac
1178 2878 1210 2920 re
1232 2857 1335 2923 cautio

210 2959 387 3025 adhibenda
414 2959 595 3045 Saepissime
613 2958 652 3024 ad
668 2958 728 3024 alia
743 2961 897 3025 transiisse
912 2969 1064 3027 auctorem
1080 2962 1156 3026 hene
1172 2961 1334 3039 sentimus,

212 3071 417 3131 transeuntem
434 3086 504 3128 vero
520 3065 570 3129 vir
586 3064 732 3130 videmus.
755 3064 854 3129 Tanto
869 3066 996 3135 artificio
1012 3065 1169 3132 dialectico
1181 3065 1334 3131 Socratem

208 3170 279 3236 lacit
301 3172 589 3236 circumvenientem
612 3170 798 3236 adversarios
821 3171 1029 3250 acutissimos,
1055 3171 1108 3237 ubi
1131 3172 1264 3237 diversae
1287 3194 1335 3239 res

209 3274 407 3345 subtilissima
435 3285 465 3340 et
495 3276 738 3361 ingeniosissima
767 3275 975 3361 disputatione
1002 3276 1226 3343 connectendae
1249 3283 1331 3343 sunt.

208 3379 309 3463 Quare
331 3403 430 3465 neque
453 3402 545 3447 ausus
568 3403 636 3447 sum
659 3380 801 3466 equidem
823 3381 983 3468 dispertire
1008 3404 1086 3468 quae
1102 3382 1248 3470 leguntur
1261 3382 1334 3448 inde

209 3509 225 3552 a
246 3490 311 3552 481
336 3508 433 3572 usqne
457 3487 495 3550 ad
520 3488 592 3553 500.
623 3485 816 3573 Quamquam
839 3489 920 3554 enim
946 3491 1086 3555 Socrates
1101 3490 1134 3555 in
1150 3468 1212 3554 hal
1231 3500 1333 3576 aperte

208 3593 328 3659 initiam
362 3592 434 3657 facit
469 3591 646 3678 disputandi
675 3592 714 3658 de
744 3593 943 3676 σωφροσύνης,
976 3593 1117 3660 Callicles
1144 3602 1263 3674 tamen,
1287 3597 1334 3663 uti

208 3698 397 3775 lucusiano,
426 3699 470 3789 sic
502 3699 592 3763 etiam
617 3698 695 3763 hauc
721 3721 777 3785 pro
800 3700 875 3765 vitio
898 3700 1065 3767 habendam
1088 3725 1153 3767 esse
1175 3702 1333 3774 contendit

208 3805 353 3892 arripiens
376 3803 454 3868 illud
475 3804 511 3870 σο
531 3802 619 3884 φύσει
642 3803 747 3870 δίκαιον
770 3806 819 3871 aul
844 3805 943 3872 καλόν.
984 3806 1024 3871 llt
1046 3829 1149 3872 revera
1164 3814 1333 3872 tractantur

207 3910 259 3975 illa
288 3909 415 3986 deinde,
448 3931 630 3994 quamquam
662 3909 791 3976 alterum
824 3932 885 3976 non
912 3920 958 3976 est
980 3911 1104 3977 alterius
1128 3911 1331 3992 contrarium,

207 4014 299 4098 ἶν’σνοορ
331 4017 365 4081 εὀο
394 4018 466 4094 μνᾶς
496 4021 623 4098 κορυφῆς
652 4015 820 4093 συνημμένον
847 4017 892 4084 δύ’
924 4015 996 4084 ὅντε.
1043 4018 1125 4083 Haec
1158 4017 1332 4104 speciminis

209 4143 275 4206 ergo
306 4121 475 4205 sufficiant,
507 4120 587 4186 unde
610 4129 770 4208 appareat,
795 4143 856 4206 quo
880 4123 947 4187 loco
973 4111 1141 4208 syllogismi
1163 4124 1195 4188 in
1218 4123 1334 4210 Gorgia

210 4225 289 4291 obrii
318 4225 449 4291 habendi
479 4227 541 4291 sint
572 4232 709 4310 atquae
742 4226 791 4290 via
820 4227 857 4291 iis
887 4227 1017 4293 ducibus
1048 4227 1263 4313 ingredienda,
1293 4251 1332 4294 ue

210 4333 381 4396 universnm
412 4329 568 4416 dialogum
599 4337 822 4417 perscrutantes
853 4339 884 4397 et
913 4331 952 4397 de
974 4332 1041 4417 ejus
1064 4341 1240 4419 argumento
1261 4356 1333 4406 oon·
