3030 5294
652 280 910 404 coccias,
1272 335 1366 428 rae
1457 378 1460 383 .

184 541 270 618 Οοῖον
291 546 320 612 εἴ
338 571 412 620 τινος
435 546 520 623 μέγα
542 542 575 621 ἦν
595 544 629 608 τὸ
652 549 739 622 σῶμα
760 543 850 632 Φύσει
873 542 1001 624 decedi
1021 541 1039 616 ἢ
1061 528 1219 624 dedicere
1230 539 1347 622 ζῶντος,

216 654 317 720 τιν’πον
346 653 487 719 κάπειδάν
517 649 645 730 άποάάνη
675 653 688 716 ὅ
719 650 811 730 νεκρὸς
843 648 960 726 μέγας,
990 647 1039 712 καὶ
1068 649 1091 712 εἴ
1115 648 1221 726 παχὺ,
1245 649 1349 728 παχὺς

220 760 284 826 Γιιιιὶ
314 757 539 842 άποάανάνποςῖ,
569 757 619 822 καὶ
642 750 732 821 πάλλ’
755 754 853 826 οὕτως.
877 754 926 818 καὶ
950 755 974 828 εἴ
998 748 1036 818 αὖ
1059 754 1213 829 ἐπετήδευε
1237 758 1347 833 κομάν,

217 866 345 944 κομήτης
365 865 466 930 τούτου
488 864 536 928 καῖ
561 863 574 926 ά
599 861 701 943 νεκράν.
724 862 890 939 μαστιγίαις
913 855 952 924 αὖ
972 859 999 923 ei
1016 881 1060 930 τις
1080 853 1112 933 ἦν’
1133 859 1183 924 καὶ
1200 857 1268 941 ἴχνη
1284 856 1350 942 εἶχε

216 977 272 1036 τῶν
294 976 416 1051 πληγῶν
439 971 527 1041 οὐλάς
550 970 641 1050 ἐντῷ
664 967 779 1046 σάματι
803 966 820 1042 ἢ
846 965 900 1030 ὑπὸ
923 965 1081 1044 μαστίγων
1104 965 1121 1040 ἢ
1145 962 1245 1030 ἄλλων
1262 991 1349 1048 τραν-

160 1136 162 1139 ,
217 1078 321 1157 μάτων
342 1075 395 1158 ζῶν
405 1127 420 1151 ,.
438 1076 486 1140 καὶ
510 1075 659 1146 τεθνεῶτος
682 1073 716 1139 τὸ
738 1078 827 1150 σῶμα
848 1070 926 1137 ἔστιν
948 1072 1016 1136 ἰδεῖν
1038 1071 1127 1137 ταῦτ’
1146 1070 1224 1153 ἔχον.
1241 1084 1350 1137 masc·

218 1184 297 1261 γῖτα
330 1182 359 1248 τ’
388 1179 428 1246 el.
442 1203 492 1247 τον
524 1178 556 1257 ἦν
584 1179 660 1259 μέλη
681 1179 709 1256 'd
740 1164 955 1259 διεστραμμένα
982 1177 1103 1258 ζῶντος,
1127 1179 1176 1242 καῖ
1190 1179 1350 1258 Ινεάνεῶτος

181 1285 317 1355 Dacica}
338 1290 426 1353 ταῦτ’
448 1285 563 1361 ἔνδηλα.
588 1285 626 1350 ἑνὶ
649 1285 679 1350 δὲ
701 1285 798 1364 λόγῳ,
819 1279 871 1356 οἶος
891 1279 962 1348 εἶναι
979 1284 1198 1364 παρεσκεύαστο
1213 1284 1246 1349 τά
1261 1290 1351 1363 σῶμα

220 1394 288 1476 ζῶν,
319 1393 424 1469 ἔνδηλα
454 1398 554 1458 ταῦτα
583 1392 633 1457 καὶ
663 1392 892 1466 τελευτήσαντος
916 1389 933 1466 ἢ
957 1389 1047 1454 πάντ’
1074 1390 1154 1465 ἢτοι
1178 1393 1287 1457 πολλά
1303 1389 1355 1484 ξπῖ

220 1579 308 1630 tentia.
333 1576 505 1644 Interpcletcr
521 1593 536 1625 a
552 1580 603 1636 τώς
619 1574 685 1629 ταῦτ’
700 1582 763 1644 ἔχον·
812 1580 905 1640 πληγῶν.
938 1574 1056 1625 Genuina
1071 1575 1204 1626 collocatio
1219 1577 1352 1628 verborum

221 1668 264 1705 ηας
286 1643 428 1712 prolabitur
448 1643 481 1693 ad
503 1649 613 1704 τοιοῦτοι,
638 1659 697 1692 cum
720 1645 763 1696 οἶσι
812 1641 932 1692 ascribis
948 1646 1046 1691 mutata
1062 1642 1140 1692 aciem
1157 1644 1291 1694 mentiret
1307 1661 1352 1694 au·
1414 1665 1425 1693 n

221 1711 349 1776 cogitandi
373 1710 426 1760 siut
448 1714 537 1759 auctor
557 1715 645 1776 postea
661 1709 762 1759 demum
812 1708 909 1758 daciam
932 1708 1027 1758 criticis
1050 1709 1187 1759 excussisse
1202 1708 1268 1759 mihi
1284 1711 1352 1761 vide·

222 1779 338 1828 dicturus
366 1777 400 1826 sit
427 1776 548 1842 exemplis
573 1781 653 1825 utens,
691 1775 765 1837 Quae
812 1779 863 1824 tur.
887 1775 966 1840 Legae
983 1775 1062 1838 igitur
1077 1775 1152 1825 verba
1168 1776 1204 1825 sic
1220 1777 1352 1828 collocata:

221 1859 298 1910 porro
324 1840 546 1892 insonueritis
562 1843 633 1916 οὐδιῖς
649 1871 680 1881 -
697 1846 763 1895 κολά·
814 1843 939 1907 μαστιγίας
956 1841 985 1893 αὖ
1001 1845 1072 1899 εἴτις
1087 1845 1115 1900 ἦν
1131 1847 1169 1894 καὶ
1184 1846 1248 1902 οὐλάς
1261 1846 1322 1912 εἶχεν
1333 1851 1355 1897 ἐν

224 1921 258 1975 ζει
282 1937 331 1973 -,
359 1909 409 1961 ἀλλ’
434 1911 545 1960 άλιοΰσινῖ
572 1909 702 1959 Praeterea
723 1910 786 1976 ἱρρ,
815 1921 848 1973 τῷ
865 1919 956 1973 σώματι
973 1913 987 1966 ἢ
1004 1913 1046 1961 ὑπὸ
1061 1913 1178 1974 μαστίγων
1194 1915 1209 1968 ἠ
1224 1912 1262 1961 ὑπ’
1280 1914 1355 1963 ἄλλων
1444 1941 1447 1946 v

222 1993 280 2027 sum
296 1982 416 2039 νουθετεῖν,
433 1977 518 2042 ipsum
534 1978 633 2038 κολάζειν
650 1978 699 2034 τοὺς
716 1981 766 2028 cia·
814 1981 952 2044 τραυμάτων
976 1983 1032 2038 ζῶν,
1043 1980 1092 2032 ,καὶ
1108 1979 1226 2034 τεθνεῶτος
1242 1983 1268 2028 ιλ
1285 1987 1354 2043 tressa

223 2045 292 2114 χρώς
312 2057 359 2108 per
380 2057 406 2091 se
427 2041 531 2091 omniuo
558 2042 766 2098 stolidissimum.
815 2045 875 2091 ἔστιν
897 2043 950 2093 ἴδιον
971 2039 1038 2092 ταῦτ’
1060 2047 1117 2107 ἔχον.
1148 2041 1241 2108 Recepi
1264 2045 1301 2095 ὑπ’
1324 2052 1361 2093 cx'

223 2108 436 2174 quemadmodum
452 2112 540 2156 auctor
556 2107 646 2157 deiude
660 2108 715 2174 ipse
725 2109 764 2158 di·
814 2107 906 2156 codice.
938 2107 1006 2156 Num
1026 2107 1142 2166 dubitas,
1158 2123 1191 2158 an
1207 2109 1244 2158 sic
1260 2109 1355 2176 scripta

224 2176 267 2225 cit.
290 2175 375 2238 Atque
389 2173 455 2222 nibil
466 2172 604 2237 quidquam
613 2174 704 2223 attinet
712 2191 764 2224 mo·
812 2172 973 2238 praeferenda
986 2173 1038 2222 sint
1046 2173 1092 2232 iis,
1106 2189 1170 2239 quae
1178 2175 1273 2227 scribae
1281 2177 1354 2226 nobis

223 2256 287 2293 nero¹
297 2241 359 2290 tales
374 2239 407 2289 ab
419 2239 565 2288 homiuibus
576 2242 694 2292 λλιιῖσθαι.
714 2240 764 2290 His
813 2238 980 2288 tradiderunt.
1009 2239 1038 2288 ei
1054 2239 1138 2289 adhuc
1155 2240 1269 2302 dubitas,
1286 2248 1355 2293 verte

224 2307 302 2357 simili
318 2304 512 2383 interpolatione
524 2299 582 2355 vide'
597 2307 764 2371 interruptam
813 2305 897 2354 locum
914 2305 964 2354 sic:
982 2309 1028 2354 aaa
1044 2305 1138 2368 siquis
1149 2307 1250 2367 νονῖονο
1261 2313 1320 2358 erat
1330 2313 1356 2358 et

225 2373 363 2427 orationem
384 2388 411 2421 ιιι
434 2371 510 2437 Apol.
533 2370 602 2420 Socr.
619 2373 651 2421 34
669 2371 704 2431 0,
720 2373 765 2423 ubi
813 2370 922 2434 vestigia
944 2371 1053 2420 babebat
1067 2372 1206 2436 ρῖομιινιιιιι
1224 2373 1356 2425 cicatrices

168 2475 169 2478 η
224 2440 300 2490 rerba
316 2442 350 2490 ἴνα
366 2442 402 2490 ὃτι
417 2441 520 2504 μάλιστα
536 2440 635 2496 ἴλιηθιῖη
651 2453 766 2489 nonesse
814 2437 842 2486 οἰι
867 2443 985 2502 corpore,
1009 2437 1061 2487 sice
1074 2438 1196 2503 allapsilis
1213 2441 1286 2490 caedi
1303 2441 1355 2491 aive

225 2507 339 2556 Platonis
356 2505 405 2554 alia
421 2505 550 2554 occasione
565 2504 672 2556 ostendi.
816 2502 869 2552 clio
894 2504 966 2552 modo
992 2503 1063 2553 cicae
1092 2505 1226 2555 calaorra:
1251 2507 1356 2568 solitae,

260 2569 767 2638 -Oacltlcexiffsicvulgclfficxdsssl
816 2569 893 2632 bajas
909 2569 987 2618 etiam
1004 2571 1098 2620 mortui
1114 2586 1205 2635 corpus
1221 2588 1252 2621 ec
1264 2574 1358 2623 habear

225 2639 385 2701 αποθανόντος]
405 2637 492 2686 Oculis
506 2636 548 2685 vix
557 2637 766 2716 crederepossum
817 2635 935 2685 videmus.
970 2635 1029 2685 Jam
1057 2637 1183 2691 nemiuem
1210 2637 1264 2689 iore
1289 2645 1356 2690 certo

200 2701 204 2708 ’
226 2702 351 2755 nemiuem
363 2703 605 2768 quidqusmhorum
618 2703 767 2754 solllcitasse
816 2702 882 2760 acio,
904 2701 948 2766 qui
964 2701 1028 2752 ierat
1044 2702 1084 2752 vel
1101 2702 1128 2752 in
1146 2703 1238 2759 Iaatine
1253 2706 1361 2773 scriptis·

226 2772 321 2821 ridens.
347 2769 468 2846 lilliptice
484 2769 552 2818 dicta
562 2769 635 2836 plene
645 2771 766 2830 scribam,
815 2768 893 2817 verba
907 2767 1015 2832 ceatipiu
1027 2768 1167 2833 placarum
1180 2772 1357 2822 oeltclacram

228 2842 257 2886 ut
273 2837 328 2903 ipse
340 2835 440 2885 facibus
448 2835 556 2905 judiees·
573 2835 651 2895 Quod
662 2836 708 2886 liat
717 2835 766 2887 hoc
816 2834 893 2884 simul
909 2851 968 2884 cum
981 2834 1115 2885 cicatrices
1124 2836 1152 2886 iu
1161 2853 1214 2887 una
1223 2839 1358 2902 eademque

227 2903 316 2952 modo:
333 2901 768 2967 ηαλιῖ(τινος)παχὺ(ἦντὸ·σῶμα-
816 2901 927 2951 dictione
951 2901 1068 2968 deinceps
1094 2905 1279 2954 concurrentia:
1310 2900 1359 2954 Est

203 2994 217 3013 u
229 2979 321 3033 ζῶντος,
343 2972 423 3020 scisso
445 2970 552 3018 κνλπιιδάν
574 2962 674 3026 castrice
696 2971 709 3019 λ
730 2989 768 3020 νι-
816 2967 864 3016 ἴιοο
881 2982 983 3033 peccare
1000 2968 1025 3017 iu
1035 2967 1144 3034 primam
1154 2969 1254 3032 liuguae
1265 2971 1358 3033 legem,

228 3039 291 3106 προς)
308 3038 397 3101 παχὺς,
415 3039 452 3085 καὶ
468 3037 543 3085 τᾶλλα
553 3035 630 3092 οὕτως.
648 3023 767 3085 llbomni
816 3033 838 3082 si
855 3048 905 3097 que
921 3033 1027 3099 speciale
1043 3049 1133 3084 nomen
1145 3036 1181 3084 rei
1191 3035 1268 3086 habet
1278 3053 1359 3086 unum

228 3102 295 3152 anim
316 3101 477 3164 grammatica
496 3101 594 3149 ratione
613 3100 723 3162 alborret
738 3117 768 3151 ea
834 3114 863 3148 ro
879 3099 978 3148 duobus
989 3100 1136 3166 pluribusve
1147 3103 1292 3152 nominibus
1302 3104 1358 3168 qui-

228 3167 340 3232 accipere
355 3169 385 3215 ut
400 3166 500 3216 bmvius
515 3167 610 3232 scripta
626 3182 672 3231 pro
693 3171 730 3219 καλ
748 3173 769 3220 εἴ
816 3115 864 3214 ius
888 3164 975 3225 eadem
997 3182 1036 3215 res
1059 3167 1231 3230 significatur,
1253 3175 1278 3233 et
1294 3169 1360 3220 illud

229 3256 265 3292 τις
281 3232 357 3300 παχῦς
372 3235 399 3290 ἦν
415 3241 457 3296 ζῶν
485 3233 565 3285 τοῦτον
580 3235 655 3300 παχὺς
672 3235 790 3304 δνικρὸς,
817 3247 897 3281 unum
920 3236 946 3301 et
968 3231 1029 3283 haec
1045 3232 1119 3298 plura
1136 3233 1213 3284 simul
1228 3235 1256 3284 in
1273 3236 1359 3287 eudem

230 3307 267 3353 καῖ
284 3305 439 3356 αποθανόντος.
461 3269 561 3348 derum
577 3299 668 3349 harum
684 3315 769 3350 rerum
817 3297 928 3349 dictione
938 3314 1067 3365 usurpare.
1083 3300 1273 3352 Praetereahoc
1284 3300 1360 3352 affero

229 3369 325 3433 peritos
342 3380 410 3415 nuuc
425 3365 512 3430 potius
526 3380 578 3415 non
589 3365 704 3432 pluribus
715 3382 769 3416 mo·
817 3368 1000 3428 argumentum.
1032 3365 1064 3414 Iu
1088 3370 1138 3433 ἴχνη
1163 3381 1255 3420 -τῶν
1271 3372 1361 3434 πληγῶν

229 3449 273 3483 ror
295 3437 323 3482 et
344 3430 491 3497 progredior
512 3431 544 3481 ad
565 3432 681 3497 proxima
697 3436 735 3484 acl
751 3435 771 3484 al
820 3430 942 3480 articulus
963 3431 1008 3481 ille
1030 3441 1075 3483 rec
1096 3434 1184 3499 prodit
1205 3435 1360 3499 linguaeiu-

231 3500 261 3552 αὖ
279 3499 399 3556 tremisce
414 3506 488 3562 κομᾶν
492 3534 501 3559 ,
522 3507 623 3563 κομήτης
638 3501 718 3563 reiron
733 3503 771 3551 aad
820 3496 909 3547 scium.
927 3495 1042 3547 Tandem
1057 3499 1124 3562 legas
1141 3501 1251 3563 quaein
1267 3501 1291 3550 E
1303 3523 1361 3553 κατ-

231 3571 243 3616 b
265 3574 348 3634 ναρος.
381 3566 481 3614 λῖοιίἴιοο
498 3579 544 3630 pro
563 3569 601 3613 ter
618 3567 689 3631 prius
706 3565 772 3615 illud
821 3565 877 3615 εἶδον
892 3564 1136 3630 διαμεμαστιγωμῖνην
1153 3567 1247 3634 (ψυχὴν)
1270 3572 1306 3618 καὶ
1325 3571 1360 3625 οὑ·

230 3635 307 3699 παχὺς
329 3632 356 3679 in
378 3644 486 3680 errorem
509 3630 536 3678 in
554 3631 608 3679 uoti
624 3636 650 3681 et
665 3631 773 3681 fortasse
820 3635 871 3690 λῶν]
882 3640 969 3695 μεστὴν
984 3629 1021 3682 ὑπ’
1037 3637 1152 3702 ἐπιορκίας
1167 3641 1205 3686 καὶ
1221 3634 1325 3696 ἀδικίας,
1344 3639 1361 3683 ά
1389 3685 1391 3688 .

231 3719 266 3756 τις
290 3697 323 3746 ad
345 3695 373 3745 id
395 3695 575 3759 intelligentes,
595 3701 639 3746 eut
656 3699 683 3760 d,
701 3697 770 3762 quod
821 3699 907 3754 iactare
923 3700 1009 3766 πρᾶξις
1026 3702 1093 3751 αὑτοῦ
1111 3703 1260 3770 ὲξωμόρξατο
1277 3706 1308 3759 cla
1324 3709 1363 3760 τὴν

231 3779 316 3814 revera
331 3777 397 3811 unus
414 3761 517 3828 scripsit
533 3766 590 3811 aute
600 3765 660 3827 πα,ἱ
686 3765 770 3828 prius,
821 3769 900 3830 ψυχὴν,
916 3767 941 3812 et
954 3765 1270 3833 attendcsillude,quod
1283 3765 1361 3832 respi-

231 3830 334 3882 eandem
352 3827 566 3878 constructionem
587 3827 615 3876 in
653 3830 772 3879 isccnti·
821 3828 903 3878 cited
921 3831 999 3896 οὐλῶν,
1017 3831 1362 3900 nefortemihiobjiciasiu
1439 3848 1440 3851 ¹

231 3897 305 3947 uuari
321 3894 419 3960 opinati
435 3893 575 3943 omiserunt
589 3895 772 3960 a15,quodda·
822 3894 843 3944 Ο
865 3900 941 3948 ταῦτα
962 3911 1014 3946 non
1034 3897 1121 3948 referri
1144 3915 1218 3966 posse
1240 3900 1272 3949 ad
1288 3902 1360 3957 οὐλάς.

166 3962 171 3971 ⁸
232 3964 327 4026 gitatin
343 3965 401 4009 ante
414 3959 453 4011 αὖ.
470 3960 534 4009 Nam
553 3959 772 4021 luceclariusest,
821 3960 902 4020 Quod
931 3977 1036 4023 moneo,
1063 3981 1215 4031 quemquam
1244 3972 1362 4015 neutrum

231 4029 305 4080 verba
326 4031 363 4079 καλ
385 4025 449 4077 τᾶλλ’
465 4027 533 4084 οὕτως
548 4027 663 4077 claudere
678 4043 773 4093 praeoe-
822 4027 923 4092 plurale·
939 4030 1063 4094 prominis
1085 4032 1122 4082 ita
1142 4036 1292 4098 usurpatum
1309 4047 1362 4081 sex·

232 4096 331 4146 dentem
347 4093 487 4160 periodum.
822 4093 901 4142 centis
918 4092 979 4143 locis
993 4097 1107 4147 recurrit
1126 4097 1363 4164 Abjiaieudaigitur

266 4160 331 4211 lbid.
349 4162 386 4212 καῖ
403 4161 453 4225 ἴχνη
470 4158 519 4226 ιῖχσ
534 4169 576 4210 τῶν
590 4162 677 4223 πληγῶν
691 4161 766 4225 οὐλὰς]
800 4178 807 4211 ι
821 4163 847 4209 et
866 4163 919 4226 ἴχνη
939 4164 963 4208 et
980 4172 1022 4213 τῶν
1039 4166 1138 4229 πληγῶν,
1156 4172 1182 4215 et
1198 4169 1362 4231 transponen-

234 4225 303 4276 Haec
318 4226 407 4274 misere
423 4230 490 4274 torta
507 4227 566 4274 satis
580 4230 708 4274 torserrmt
724 4227 771 4275 cri·
821 4226 883 4275 dum
894 4229 959 4284 σύλάς
969 4232 1027 4277 ante
1038 4231 1105 4295 ιῖχιν.
1122 4231 1213 4296 Itaque
1224 4231 1361 4287 contendo.

233 4293 305 4343 ticos.
315 4293 377 4341 Pars
386 4292 460 4356 οὐλάς,
468 4290 511 4341 alii
520 4295 570 4358 ἴχνη
578 4303 623 4343 τῶν
631 4296 718 4356 πληγῶν
724 4307 771 4357 pm
822 4292 844 4340 si
866 4306 916 4340 non
934 4298 1032 4343 mutato
1048 4298 1180 4351 verborum
1197 4298 1286 4348 ordine
1302 4297 1362 4346 scri-

234 4357 379 4422 glossemste
403 4358 506 4407 babent.
542 4358 660 4407 Videntes
685 4373 771 4408 verum
817 4358 866 4408 bae
893 4359 1051 4425 scripsissent
1082 4368 1119 4415 καὶ
1149 4367 1214 4422 οὐλὰς
1242 4369 1291 4432 ἴχνη
1319 4376 1363 4415 τῶν

234 4423 772 4491 vertigiuetameuquodamabeoabripiun-
821 4427 911 4489 πληγῶν
937 4425 997 4492 εἶχεν
1018 4433 1043 4478 ’ἐν
1070 4441 1103 4480 τοι
1132 4444 1222 4496 σώματι
1250 4432 1363 4496 primum

234 4496 284 4540 tur.
315 4489 390 4539 Unus
412 4505 498 4539 corum
519 4491 611 4541 diserte
627 4491 690 4540 dicit
706 4497 772 4542 stare
820 4507 944 4555 quemque
969 4482 1128 4552 criticorum,
1152 4499 1207 4547 loco
1231 4497 1364 4561 diligenter
1422 4494 1427 4511 ¹

233 4572 308 4624 posse
322 4559 386 4614 οὐλάς
401 4570 450 4607 uua
467 4571 525 4606 cum
542 4561 592 4624 ἴχνη
608 4569 652 4608 τῶν
666 4561 769 4625 πληγῶν,
786 4572 801 4618 j
820 4557 900 4616 lecto,
924 4558 1081 4623 abjecturum
1098 4561 1176 4613 fuisse
1192 4565 1237 4614 illa
1253 4568 1303 4630 ἴχνη
1321 4573 1362 4615 τῶν

233 4638 279 4674 uec
294 4637 345 4672 non
362 4622 454 4687 diserte
464 4635 543 4688 posse
558 4624 651 4674 omitti·
661 4628 718 4690 οχνη,
728 4637 772 4693 τῶν
820 4627 916 4688 πληγῶν.

410 4893 432 5007 λ
