3030 5294
174 306 254 351 xvnr
287 325 290 335 ·
535 286 937 352 PROLEGOMENA.

174 495 274 554 πατῶν
295 490 362 561 τοὺς
384 490 500 567 νόμους,
527 486 572 563 οὓς
595 492 620 555 οῖ
642 491 767 563 οῖσόενεῖς
791 497 820 555 et
844 492 867 555 οῖ
891 489 991 556 πολλοὶ
1015 491 1158 566 τίόενται,
1183 513 1222 557 ue
1243 491 1293 555 ille

174 597 266 660 αὐτῶν
289 595 375 660 πλέον
398 595 463 676 ἔχη.
489 616 581 678 quare
604 596 694 659 etiam
717 595 774 658 hoc
798 596 917 676 αίσχρδν
933 605 964 659 et
978 593 1073 661 οίδικον
1088 595 1197 661 (δίκαιοί
1212 618 1293 673 esse,

173 707 203 763 et
225 699 258 765 τὸ
281 701 366 765 πλέον
390 700 468 780 ἔχειν
491 727 533 760 ..-..
555 700 588 765 τδ
610 701 716 766 οῖδικεῖν
740 709 798 765 etc.
815 738 857 748 -
883 699 1006 778 4840,
1024 701 1136 784 quibua
1154 702 1294 786 deinceps

173 803 296 869 uberius
319 806 460 888 expositis
483 803 623 890 objurgat
645 805 816 883 Socratem,
842 814 877 870 ut
899 806 931 871 τδ
954 813 1124 888 φιλοσοφεῖν
1140 805 1233 878 εὀίσας
1249 844 1294 857 -·-

172 911 348 992 Φιλοσοφίας
370 911 430 989 adep
454 907 515 974 όσον
536 901 670 982 παιδείας
688 903 775 990 ρροίρον
793 911 883 975 καλόν
898 911 1035 990 μετέχειν
1048 947 1091 959 -
1105 910 1147 976 rel
1158 912 1295 979 πολιτικοὶ

173 1023 271 1098 gerat,
303 1024 338 1079 ut
366 1003 423 1078 sibi
450 1016 516 1099 ipse
538 1017 633 1100 possit
654 1017 783 1093 βοηόεῖν,
808 1038 839 1079 se
861 1017 894 1080 ἐκ
916 1017 1097 1096 δικαστηρίου.
1116 1017 1148 1080 ἐκ
1170 1017 1293 1082 όανοίτον

172 1118 277 1200 σοίζειν.
301 1142 391 1203 quam
415 1120 657 1205 objurgationem
680 1119 802 1184 tandem
826 1120 941 1184 claudit
964 1119 1097 1184 mordaci
1119 1117 1178 1184 hoc
1194 1119 1294 1186 dictos

171 1225 220 1290 τδν
249 1224 281 1299 tt
311 1231 432 1291 τοιοῦτον
463 1225 647 1310 (φιλόσοφον)
671 1262 714 1275 -
750 1225 846 1302 ξεστιν
877 1225 925 1290 ε’πδ
954 1225 1049 1306 κόρρης
1078 1226 1230 1290 τύπτοντα
1252 1229 1294 1304 μη

172 1329 272 1395 διδόναι
295 1329 371 1404 δίκην
394 1367 439 1379 -
462 1334 526 1393 486
551 1331 589 1394 D.
1034 1370 1037 1375 -

216 1434 290 1499 Post
320 1436 518 1520 interruptam
549 1435 787 1520 disputationem
815 1472 858 1484 -
881 1436 945 1498 488
977 1433 1004 1496 Β
1035 1433 1171 1498 Socrates
1201 1433 1294 1501 Calli·

116 1592 120 1597 .
172 1541 265 1618 clem,
290 1541 344 1624 qui

220 1645 253 1711 1⁰
275 1668 365 1710 suum
386 1642 511 1724 βελτίων
534 1644 582 1710 καὶ
605 1645 738 1724 κρείττων
756 1648 832 1728 (484
853 1643 893 1732 C)
909 1666 991 1709 nuuc
1006 1644 1225 1729 iuterpretatur
1242 1667 1296 1731 per

171 1752 367 1832 ἰσχυρότερος,
392 1752 434 1814 sic
455 1750 589 1832 refutat:
614 1750 653 1815 τόν
676 1755 731 1814 τῶν
754 1756 894 1837 πολλῶν,
909 1751 972 1813 sine
991 1748 1085 1841 dubio
1110 1734 1297 1832 ἰσχυροτέρων

172 1857 219 1940 (--
241 1855 400 1935 κρειττόνων
424 1855 503 1919 κατίι
525 1855 623 1938 φύσιν)
648 1860 697 1919 τοῦ
720 1854 796 1932 ἑνός,
820 1855 929 1933 νοροιρκοδ
951 1854 1052 1939 (νόμον
1066 1856 1131 1917 484
1155 1855 1297 1947 Αρκατοδ

171 1961 261 2040 φύσιν
284 1967 356 2024 suut
378 1960 475 2041 καλοὶ,
501 1960 610 2045 quippe
633 1958 787 2038 βελτιόνων
809 1959 892 2025 όντων
915 1959 1081 2023 secuudum
1104 1960 1203 2045 ipsum
1226 1958 1296 2025 Cal·

172 2065 280 2130 liclem.
319 2064 400 2150 Ergo
433 2064 467 2130 τδ
499 2065 606 2130 οῖδικεῖν
640 2086 700 2128 uon
731 2072 856 2130 tautum.
885 2063 978 2145 νόμω,
1011 2064 1063 2129 sed
1094 2048 1186 2129 etiam
1208 2065 1296 2147 φύσει

173 2168 288 2249 αίσχιον
311 2207 355 2218 -
378 2172 441 2232 489
466 2167 501 2232 C.
537 2167 692 2234 Calliclem

217 2272 252 2336 2⁰
274 2273 353 2337 idem
376 2273 500 2351 βελτίων
522 2273 570 2339 καί
593 2274 726 2353 κρείττων
743 2274 992 2357 interpretantem
1004 2295 1056 2359 per
1071 2272 1295 2355 φρονιμώτερος,

173 2378 216 2443 sio
244 2379 354 2443 refutat
387 2378 539 2442 Socrates:
568 2379 771 2459 φρονιμώτερος
795 2385 893 2461 potest
915 2400 979 2441 esse
992 2377 1208 2450 ὀίσίενόστατος
1233 2366 1297 2443 om·

173 2485 258 2549 nium
278 2485 320 2548 ita
339 2491 375 2546 ut
391 2484 478 2564 φύσει
498 2483 643 2547 damnum
666 2484 792 2567 accipiat
814 2484 846 2546 εἰς
864 2489 914 2547 τοῖν
932 2485 1017 2548 πλέον
1029 2482 1107 2564 ἔχειν
1120 2506 1147 2550 v.
1159 2506 1185 2549 o.
1199 2484 1294 2550 σιτίων

174 2590 280 2654 saltem
304 2598 333 2652 et
354 2597 447 2654 ποτῶν
470 2626 515 2637 -
538 2592 601 2653 490
626 2587 659 2651 C.
694 2585 833 2653 Callicles

218 2693 254 2757 3⁰
283 2693 362 2757 idem
393 2693 516 2770 βελτίων
546 2693 595 2756 καί
626 2691 758 2771 κρείττων
789 2690 862 2754 dicit
887 2721 919 2746 =
941 2690 1074 2772 φρόνιμος
1105 2692 1211 2764 είς-τοὶ
1241 2701 1293 2768 τῆς

174 2799 284 2869 πόλεως
319 2780 487 2876 τροίνροατα
523 2804 553 2859 et
583 2797 719 2880 οῖνδρεῖος,
754 2796 839 2881 cujus
869 2804 915 2860 est
936 2798 1016 2861 κατοδ
1038 2795 1126 2877 φύσιν
1148 2797 1295 2882 imprimis

174 2901 276 2984 ἄρχειν
299 2910 353 2967 τῖον
376 2901 501 2976 πόλεων,
526 2897 588 2966 τῶν
603 2899 702 2966 ἄλλων
726 2937 768 2952 -
791 2903 866 2964 491*
880 2901 914 2965 Β.
938 2900 1075 2966 Socrates
1095 2910 1196 2966 autem
1217 2924 1297 2966 nuno

175 3008 308 3075 transilit
330 3007 539 3072 refutationem
563 3006 724 3070 instituens
747 3006 956 3092 quaestionem
978 3005 1072 3069 hanc:

526 3177 659 3241 Utrum
690 3176 805 3241 istum
837 3174 1027 3263 (φρόνιμον)
1051 3174 1165 3267 etiam
1189 3164 1298 3271 αὐτὸν

574 3282 703 3365 ἑαυτοῦ
726 3281 781 3346 δεῖ
800 3279 927 3362 ἄρχειν
948 3281 1020 3357 ie.
1043 3286 1110 3345 τῶν
1129 3282 1163 3344 ἑν
1183 3281 1298 3378 ἑαυτῷ

571 3385 768 3463 ἐπιθυμιῶν
795 3383 926 3469 (Confer.
952 3386 1014 3449 596
1039 3383 1172 3462 0-509
1188 3383 1252 3485 ·⁰l·,

223 3552 360 3618 Callicles
373 3553 564 3619 vehementer
574 3552 749 3617 adversatur
760 3553 905 3639 (quocum
915 3540 1298 3620 hie-coosummum'est

180 3664 329 3724 certamen
353 3658 487 3743 Socrati)
501 3657 686 3722 contendens
708 3660 786 3724 τοῦτ’
809 3679 873 3722 esse
895 3658 928 3723 τδ
943 3658 1023 3724 κατοδ
1038 3653 1125 3739 φύσιν
1140 3658 1229 3724 καλόν
1244 3661 1293 3734 καί

179 3763 297 3838 δίκαιον,
323 3785 384 3827 uno
409 3763 515 3841 verbo,
539 3761 619 3828 τοῦτ’
642 3764 780 3837 esserto
802 3763 923 3843 οῖρεσῖην,
946 3763 979 3828 τδ
1000 3764 1056 3835 τοῖς
1080 3763 1133 3840 μὲν
1149 3765 1300 3844 ε’πιόνμίας

180 3869 234 3942 τοῖς
257 3869 359 3933 ἑαυτοῦ
382 3871 432 3932 εὀῖν
454 3870 491 3939 ὥς
513 3867 661 3945 μεγίστας
684 3864 754 3933 εἶναι
777 3867 825 3932 καί
848 3869 890 3945 μὴ
909 3868 1055 3948 κολοίζειν,
1068 3866 1192 3941 ταύταις
1204 3870 1228 3934 δ’
1239 3873 1300 3961 lace·

180 3973 225 4039 νδν
247 3970 317 4039 εῖναι
341 3975 487 4054 ὑπηρετεῖν
510 3973 529 4037 i.
549 3994 574 4036 e.
598 3970 755 4053 ἓτοιροοίζειν
767 3967 880 4052 *οίροόόεν
896 3999 934 4050 γε
948 3975 1029 4038 πόόεν
1045 3974 1201 4052 πλόρωσινί,
1219 3975 1300 4060 quod

179 4079 318 4145 οίδόνοιτον
338 4085 397 4150 τοῖς
420 4085 548 4150 πολλοῖς·
574 4076 632 4143 όόεν
653 4079 776 4158 φέρουσι
795 4078 1019 4151 τοὺςτοιοότονς
1031 4116 1075 4127 -
1089 4075 1177 4143 ίίόλιοι
1190 4079 1302 4156 γίγνον-

181 4210 230 4250 ται
252 4185 275 4249 οἱ
298 4185 435 4264 όνόρωποι
460 4183 514 4248 ὑπὸ
536 4190 586 4248 τοῦ
609 4189 701 4249 καλοῦ
720 4187 771 4249 τοῦ
794 4191 846 4259 τῆς
867 4181 1041 4258 δικαιοσύνης
1060 4185 1109 4247 καί
1128 4183 1302 4267 τῆςσωφρο-

181 4289 260 4362 νόνης
284 4300 339 4352 etc.
361 4290 455 4370 τρνφη
479 4289 534 4372 (sic
557 4288 659 4372 pergit
681 4287 832 4371 Callicles)
856 4287 905 4351 καῖ
924 4286 1129 4352 οῖκολασίακαί
1142 4288 1300 4368 ε’λενόερία,

181 4393 231 4457 ἔδον
253 4395 410 4472 ἐπικουρίαν
433 4392 505 4475 ἔχη,
528 4401 573 4457 est
593 4393 680 4474 οῖρετνί
695 4417 728 4458 τε
743 4393 792 4458 καί
810 4391 964 4469 εὐδαιμονί
991 4430 1034 4440 -
1049 4395 1113 4455 492
1131 4391 1174 4454 D:
1191 4390 1302 4458 deinde

182 4496 220 4562 ad
243 4498 375 4563 Socratis
398 4498 531 4577 dictum,
554 4501 587 4563 τὸ
604 4497 722 4577 μηδενός
742 4497 848 4562 δεῖσόαι
871 4512 935 4560 ease
947 4496 1125 4575 εὐδαίμονος,
1141 4497 1301 4580 respondet
