3030 5294
204 311 267 377 146
324 269 326 272 ’
549 270 566 392 J
627 311 905 378 Pannonrs

193 511 374 607 φοβούμενοι
403 513 537 590 βελτίους
561 515 727 591 γίγνωνται.
751 515 803 582 εἶσὶ
828 517 853 581 δ’
878 518 902 582 οἱ
924 517 978 595 μὲν
1002 516 1197 598 ἀφελούμενοθ
1219 521 1330 584 τεκαὶ

198 618 275 692 δίκην
296 609 415 690 διδθντει
439 619 494 682 ὑπὸ
518 620 583 697 θεῶν
608 645 642 685 τε
664 622 712 686 καὶ
735 610 884 703 ἀνθρθτων
903 619 996 698 οὗτοι,
1016 620 1043 688 οἳ
1059 622 1095 688 ἀν
1111 624 1221 702 ὀάσιμα
1232 621 1332 705 ἀμαρ·

196 726 321 801 τθματα
350 723 525 804 ἀμάρτωσιν·
554 723 629 803 ὅμως
657 717 686 790 di
717 727 751 792 δι’
781 728 946 806 ἀλγνρόὀνων
975 729 1025 795 καὶ
1055 731 1154 796 ὀδυνῶν
1185 731 1328 810 γίγνεται

196 832 294 902 αὐτοῖς
324 833 341 906 d
366 830 493 910 ὠφέλεια
519 830 568 896 καὶ
590 832 686 897 ἐνθάδε
708 833 768 898 καθ
782 837 810 898 ἐν
831 831 938 900 Ἃιδου·
961 837 992 899 οὐ
1014 836 1073 915 sap
1096 831 1149 901 οἷόν
1171 839 1201 901 τ’
1225 836 1328 910 ἀλλωο

195 935 307 1005 ἀθικθας
331 936 587 1001 ἀταλλάττεσθαι·
610 935 635 1002 ἀ
656 936 680 1002 δ’
702 938 740 1003 ἀν
763 940 803 1003 rt
825 939 947 1031 ἔσχατα
969 942 1124 1016 ἀδικήσωσι
1147 943 1197 1007 καὶ
1219 943 1267 1008 tra
1284 940 1355 1009 τάὒ

194 1043 304 1106 τοιαῦτ’
327 1040 500 1118 ἀδικήματα
522 1041 631 1107 ἀνίατοι
655 1041 812 1127 γένωνται,
838 1047 871 1109 ἐν
895 1046 1000 1111 τούτων
1023 1046 1064 1112 τά
1087 1047 1326 1128 παραδείγματα

193 1145 347 1229 γίγνεται,
379 1146 428 1210 καὶ
462 1143 536 1210 οὗτοι
559 1148 640 1212 αὐτοὶ
665 1151 719 1225 μὲν
742 1149 833 1215 οὐκέτ’
856 1151 996 1216 ὀνίνανται
1020 1153 1114 1230 οὐδὲν,
1138 1149 1187 1218 θέτ’
1209 1153 1325 1222 ἀνίατοι

191 1348 250 1382 nam
276 1333 328 1382 sint
351 1331 404 1389 iili,
426 1329 470 1395 qui
492 1330 629 1380 utilitatem
649 1333 729 1398 perei-
778 1337 816 1384 θὰν
833 1335 886 1402 διδῷ
902 1336 962 1393 δίκην
977 1337 1020 1386 ὑπὸ
1037 1341 1089 1387 θεῶν
1099 1356 1126 1387 τε
1137 1341 1174 1386 καὶ
1186 1342 1320 1406 ἀνθρώπων,

190 1402 263 1466 piant
275 1400 329 1462 (riri
341 1397 361 1448 δ’
370 1402 390 1449 ot
400 1401 442 1462 μὲν
456 1399 639 1464 ἀφελούμενοι·
650 1403 729 1469 aper
777 1404 803 1449 et
818 1401 865 1465 qui
881 1401 971 1451 deinde
981 1401 1080 1451 addidit
1090 1401 1168 1467 οὗτοι,
1180 1407 1213 1451 ut
1224 1404 1322 1453 scilieet

190 1468 264 1532 τωσι).
290 1467 376 1515 Tertio
392 1465 495 1527 quinam
507 1465 577 1522 sint,
594 1466 638 1528 qui
648 1480 728 1514 exem-
778 1467 992 1516 oonstruotionem
1015 1469 1149 1531 quomdam
1165 1469 1320 1519 restitueret

189 1534 232 1598 pla
254 1532 309 1582 aliis
330 1531 393 1579 fiant
416 1530 449 1592 (oi
466 1527 485 1578 δ’
499 1533 526 1580 ἂν
542 1535 573 1582 τὰ
589 1535 679 1597 ι”σχσιττι
695 1558 728 1570 -
777 1530 873 1581 Verum
889 1538 928 1582 est
943 1533 1004 1582 hneo
1019 1548 1120 1597 quoque
1135 1534 1232 1583 insulsa
1243 1551 1320 1599 quae·

189 1596 534 1667 τάποιραδεθγματιιγὶγνεται).
549 1597 650 1656 Quibus
676 1613 727 1645 rae·
777 1597 834 1646 dam
851 1599 993 1656 annotatio,
1011 1599 1083 1663 eujus
1099 1599 1176 1648 altera
1187 1604 1319 1666 ροτεθμως

188 1666 272 1713 missis
295 1665 395 1712 tandem
417 1661 540 1719 ostendit,
574 1677 649 1711 nomo
668 1678 683 1711 ο
699 1663 728 1712 hi
776 1664 801 1713 u
817 1692 850 1701 —
865 1667 1046 1718 ἀπαλλάττεσθιι
1059 1669 1084 1714 et
1095 1665 1209 1715 ordinem
1220 1671 1246 1714 et
1258 1682 1318 1716 oon-

187 1731 300 1795 exempla
322 1729 373 1777 sint
395 1727 451 1776 aliis
473 1725 522 1790 (καὶ
539 1746 597 1778 ουτοι
615 1731 677 1780 αὐτοὶ
694 1755 727 1766 -
775 1730 939 1784 structionem
956 1731 1130 1796 interrumpit,
1147 1735 1172 1779 et
1183 1735 1270 1780 totum
1281 1732 1316 1781 lo·

186 1795 364 1861 νουθετήματα).
375 1793 433 1842 Jam
445 1791 529 1842 fateris
538 1795 740 1859 nuno,opinor,'
775 1810 833 1844 oum
848 1800 978 1858 vagantem
995 1796 1086 1845 reddit.
1114 1797 1180 1846 Nam
1196 1797 1315 1849 iudicati-

53 1885 61 1898 =
140 1884 142 1890 ¹
184 1863 271 1927 jejuna
292 1863 337 1910 ilia
360 1857 386 1910 ἶν’
402 1862 464 1909 ἄλλοι
480 1887 512 1898 -
528 1863 630 1927 βιλτθοως
646 1864 722 1924 γθρνω-
773 1876 819 1910 vus
835 1867 849 1920 ἡ
865 1865 959 1938 uptam
974 1865 1084 1927 γίγνεται,
1103 1864 1316 1929 eumuonpossit

185 1948 236 1979 νται
246 1929 426 1990 interrumpere
434 1926 723 1983 ordinem,etoxuitims
772 1928 890 1992 oonjung1
899 1944 957 1977 oum
966 1928 1125 1994 oonjunetivo
1134 1932 1316 1998 σθαι-ἁμάρ

185 1999 257 2059 parte
272 1993 352 2058 petita
368 2007 434 2055 esse,
451 1991 495 2040 ubi
512 2007 557 2040 suo
574 1992 629 2040 loeo
639 1993 722 2058 posita
770 2012 841 2056 τωσι,
854 1995 991 2044 neeessario
1007 1995 1194 2060 conjungendus
1204 2001 1315 2047 cumulet

185 2074 237 2108 nou
254 2063 354 2107 tantum
370 2056 437 2105 nihil
452 2057 545 2106 habeut
561 2057 628 2121 quod
646 2058 721 2108 offen·
770 2057 790 2107 δ’
806 2064 826 2110 οὶ
842 2063 886 2124 μὲν
896 2062 1050 2127 ὠφελούμενοι.
1067 2061 1154 2124 Neque
1165 2063 1227 2125 θμως
1239 2061 1315 2111 habat

143 2160 147 2165 ,
185 2125 243 2182 dat,
260 2125 303 2173 sed
319 2123 439 2172 eximium
456 2123 580 2187 specimen
595 2128 655 2172 sunt
668 2123 720 2172 dio·
769 2139 821 2189 quo
831 2126 960 2185 referatur,
974 2128 1023 2176 nisi
1036 2142 1112 2175 unam
1125 2128 1313 2176 annotationem

184 2190 262 2239 tionis
278 2190 429 2239 Platonicae.
449 2189 528 2253 Pergo
543 2189 576 2238 ad
588 2190 722 2254 sequentia.
772 2191 800 2239 in
817 2191 879 2240 duas
896 2200 979 2256 partes
997 2192 1120 2242 divulsam
1137 2207 1190 2242 esse
1206 2197 1312 2242 statuas.

217 2257 280 2305 Post
304 2260 324 2307 oi
348 2260 390 2320 μὲν
412 2256 556 2320 ὠφελούμενοι
575 2256 724 2305 invexerunt
768 2255 933 2322 ¹Quamquam
948 2257 988 2307 vel
1005 2258 1041 2307 sio
1057 2258 1117 2306 haee
1131 2257 1233 2306 inficeto
1243 2259 1313 2308 diota

183 2322 244 2371 haee
267 2324 341 2371 verba
366 2342 392 2372 σε
418 2325 455 2371 καὶ
481 2323 540 2378 δίκην
565 2323 659 2379 διδόντες
680 2325 723 2373 ὑπὸ
770 2321 903 2371 habemus:
927 2324 972 2386 qut
994 2323 1134 2372 utilitatem
1144 2322 1311 2387 percipiunt,

185 2392 237 2439 θεῶν
253 2409 279 2440 τε
296 2393 333 2440 καὶ
349 2393 470 2456 ἀνθρώπων
484 2385 552 2438 οὗτοι.
581 2389 647 2436 Tum
663 2394 722 2452 post
770 2403 920 2452 quamquam
932 2390 1090 2453 puntentur,
1108 2394 1190 2438 tuanen
1201 2405 1255 2452 ρει·
1268 2391 1312 2439 ἀο-

183 2455 285 2503 eandem
302 2463 399 2519 partem
416 2453 569 2509 absolutam,
586 2454 603 2501 i.
620 2469 640 2502 e.
663 2459 721 2518 post
771 2453 836 2502 lorea
862 2459 887 2502 et
911 2455 1039 2504 σντιοόσθωε
1062 2455 1093 2502 σθ
1115 2454 1150 2502 iis
1162 2455 1312 2518 percipitur

183 2520 316 2569 seeundum
334 2520 425 2578 trium,
443 2534 505 2580 quas
522 2520 597 2576 modo
611 2519 720 2585 deserip-
769 2519 874 2568 utilitas
894 2524 920 2568 et
940 2521 968 2569 νἰι
984 2521 1025 2569 his
1042 2519 1120 2569 terris
1136 2524 1162 2568 et
1178 2521 1206 2568 in
1225 2523 1310 2570 Oreo.-

182 2585 273 2644 simus,
290 2585 442 2636 addiderunt
459 2583 555 2649 θμως(1)
573 2586 597 2634 δὲ
614 2584 642 2636 δι’
652 2589 720 2648 atys·
769 2601 818 2634 ινοιν
834 2586 899 2634 enim
914 2590 1019 2642 possent
1036 2586 1092 2635 ulio
1108 2585 1208 2634 ratione
1226 2587 1259 2634 σθ
1270 2587 1311 2636 ὀνε-

182 2652 245 2702 tasas
261 2656 298 2703 καὶ
315 2653 390 2701 ὀδυνῶν
405 2652 505 2714 γίγνεται
517 2653 720 2718 αὖτοῑςὴὠρέλειοι
763 2651 875 2716 justitia
898 2652 1013 2700 liberari.
1045 2652 1128 2711 Quam
1146 2653 1310 2711 sententiam,

181 2723 217 2768 κοιλ
235 2717 344 2780 mettid)
362 2720 399 2768 καὶ
416 2714 532 2766 ἐν’λιδου.
550 2718 720 2784 stupeum
769 2717 949 2781 qualiseunque
974 2718 1021 2777 sit,
1045 2732 1197 2781 quamquam
1220 2718 1262 2767 vix
1279 2734 1309 2767 ex

181 2785 353 2840 ἅλλως,ἀδικθιις
364 2785 542 2832 ὰπιιλλάτεσθτιι.
560 2783 626 2841 Quis
638 2784 719 2842 dieat,
767 2783 848 2831 verbis
871 2784 934 2832 effioi
956 2798 1030 2848 posse
1050 2782 1141 2841 fateor,
1159 2783 1207 2831 hoe
1225 2789 1310 2834 tamen

180 2848 243 2912 quid
260 2849 320 2905 haee
336 2848 421 2897 omnia
439 2848 487 2895 sibi
504 2847 596 2905 velint,
608 2863 717 2911 praeser—
768 2848 829 2896 satis
840 2854 908 2898 oerto
919 2854 1035 2914 apparet,
1051 2848 1153 2898 miserae
1163 2848 1195 2897 iis
1207 2849 1310 2899 subesse

179 2914 227 2962 tim
244 2913 287 2962 illa
304 2916 365 2972 δίκην
380 2915 475 2969 διδόντες
491 2940 523 2949 -
535 2909 573 2962 ὑπ’
582 2918 715 2982 ἀνθρώπων,
766 2914 979 2981 interpretationis
988 2915 1120 2979 specimen.
1136 2914 1309 2980 Interpolator

112 3022 116 3029 .
179 2980 242 3043 quid
258 2980 324 3029 illud
341 2984 415 3044 θμωξ,
433 2977 503 3026 istud
520 2980 612 3030 iudeis?
623 2980 680 3056 'Ad
696 2986 718 3031 oi
767 2986 872 3057 conatui·
881 2981 1026 3058 ‘explicas-eu,
1038 2995 1092 3057 'qua
1103 2979 1200 3029 ratione
1210 2996 1241 3034 ex
1251 2995 1309 3059 poe

178 3051 532 3180 sennensem
541 3046 718 3168 ἀΐῖἷῖἓέὀὲἕ
766 3045 1311 3177 tzdttttntttnetuttettff

178 3198 216 3233 κηι
239 3179 343 3236 διδόντες.
375 3178 440 3226 Nam
458 3178 480 3224 si
496 3178 567 3240 quis,
583 3181 718 3243 postquam
766 3193 845 3242 quum
867 3179 910 3227 hio
928 3183 1027 3227 tantum
1043 3177 1074 3227 de
1089 3181 1156 3226 reeta
1172 3177 1200 3226 in
1217 3178 1306 3228 'Parta-

177 3242 204 3290 in
221 3244 367 3293 universum
384 3243 450 3292 dixit
471 3252 580 3311 προσήκοι
597 3253 630 3309 τῷ
646 3249 668 3293 o
683 3264 717 3295 τι·
755 3259 823 3292 =rum
840 3244 954 3293 demissis
971 3258 1051 3293 sermo
1068 3243 1109 3293 sit.
1133 3244 1222 3306 Neque
1232 3243 1318 3298 intel·¹

177 3312 256 3378 μωρίᾳ
281 3311 327 3361 tm
349 3309 401 3358 sive
423 3310 483 3367 δίκην
504 3311 583 3360 διδόντι
607 3313 717 3361 ὀνίνασθαι
765 3309 829 3371 iexit
852 3310 1077 3372 argumentationes
1104 3308 1132 3357 iu
1158 3309 1306 3368 tii-480,

177 3376 229 3422 sivo
254 3380 400 3441 ὠφελεῖσθαι,
426 3375 463 3423 ita
486 3375 569 3439 pergit
594 3379 639 3425 τισι
661 3374 681 3424 δ’
696 3381 717 3428 οἱ
764 3376 832 3425 unde
853 3375 928 3425 hane*
942 3390 1042 3439 quoque
1063 3375 1232 3424 annotationis
1248 3391 1306 3453 par·

176 3445 219 3503 ,aeta
239 3445 383 3506 ὠφελούμενοι
408 3443 429 3490 oi
453 3446 480 3491 ἂν
503 3445 585 3504 ἰάσιμοι
608 3446 715 3510 ἁμαρτῆ·
764 3445 816 3490 tem
832 3440 925 3491 hausit.
959 3441 1040 3490 Docet
1056 3440 1172 3490 lectorem
1189 3440 1305 3492 hommes

92 3519 96 3533 ·
176 3525 244 3568 ματα
269 3512 407 3575 ἁμάρτωσι,
432 3522 484 3555 nou
508 3505 648 3569 significare
666 3523 717 3620 lper
764 3511 863 3555 tantum
886 3510 1072 3558 ἀπαλλάττεσθαι
1080 3521 1160 3620 posse
1175 3506 1208 3555 ab
1224 3507 1304 3584 injus-

177 3575 219 3621 aiot
230 3573 255 3621 θ’
271 3578 292 3622 οἱ
304 3578 347 3636 μὲν
357 3574 562 3639 ιλρελσόμινοῖιιοο
572 3576 656 3635 potest
685 3588 715 3622 oo
764 3572 822 3620 titia
837 3588 881 3637 per
898 3573 1022 3622 cruciatus
1039 3578 1064 3622 et
1097 3571 1190 3628 olores,
1211 3573 1305 3637 quibus

104 3691 106 3695 ,
177 3640 220 3686 risi
243 3638 261 3686 δ’
280 3642 301 3688 οἱ
322 3644 343 3688 ἐν
365 3642 467 3706 τιμωρθᾳ
487 3639 546 3694 ὄντες
563 3639 714 3704 ὠφελούμενοι.
765 3642 884 3702 tauquam
900 3639 983 3704 pretio
998 3638 1104 3703 injurias
1120 3639 1304 3704 suas-expient.

175 3702 213 3752 At
228 3717 287 3751 vero
304 3708 325 3752 to
340 3707 442 3772 τιμωρέιρ
458 3705 517 3760 ὄντες
533 3723 565 3747 =
576 3705 637 3760 δίκην
649 3705 716 3754 διδόν·
766 3704 878 3753 Socrates
900 3710 984 3753 autem
1002 3704 1030 3753 in
1046 3705 1304 3766 argumentationibus

175 3789 222 3825 τις.
239 3769 369 3818 Praeterea
379 3784 431 3817 non
442 3773 508 3818 reete
519 3770 641 3833 expressit
652 3771 715 3819 seio·
763 3769 815 3818 illis
832 3770 1042 3819 demonstraverat
1056 3769 1170 3823 homines
1181 3773 1304 3826 ἀπαλλάτ.

175 3835 215 3883 lus
240 3835 309 3899 quod
331 3834 419 3883 voluit.
449 3833 540 3883 Vuiuit
560 3835 641 3884 diuers
658 3841 716 3885 aunt
764 3840 843 3887 τιοθτιι
867 3839 946 3892 suatur
970 3836 986 3884 i.
1004 3851 1025 3884 e¹
1038 3836 1137 3891 4ολδιιθιις
1159 3836 1213 3885 sive
1229 3843 1303 3904 ψυχῆς
1376 3846 1378 3849 “

175 3899 233 3960 illi,
251 3901 295 3964 qut
312 3900 452 3949 utilitatem
464 3900 715 3964 ροντἀνόααθροοιισε
763 3905 870 3970 πονηρίας
878 3917 970 3966 poenas
978 3901 1078 3959 luendo,
1084 3916 1135 3949 non
1143 3901 1304 3967 quiapoenae

175 3966 272 4015 ὀιιοαθο.
303 3966 361 4016 Ηοο
384 3966 450 4015 enim
473 3966 567 4016 Graece
582 3972 620 4016 est
637 3971 678 4018 slei
696 3966 716 4018 δ’
762 3967 868 4032 injurias
892 3967 964 4031 quasi
988 3967 1089 4032 expient
1112 3966 1153 4016 vel
1176 3967 1303 4025 lustrent,

174 4036 194 4083 oi
212 4035 358 4100 ὠριλοῦμενσι
374 4035 435 4090 δίκην
450 4033 560 4096 isidoras,
575 4048 627 4082 non
637 4034 714 4083 inter-
763 4034 806 4082 sed
831 4033 891 4097 quia
913 4037 1081 4103 σωρμονίζοοσιν
1102 4038 1128 4081 et
1146 4037 1301 4100 νουθετοῦσιν,

176 4107 280 4163 ruptum
301 4115 346 4164 per
366 4119 393 4150 τε
412 4104 462 4163 καὶ,
480 4100 556 4148 sicuti
571 4099 645 4149 Plato
662 4115 713 4148 non
761 4098 798 4147 ita
808 4102 843 4147 'ut
860 4103 1041 4166 σωφρονισθέντες
1057 4097 1170 4147 meliores
1187 4099 1302 4163 fiant,et

173 4168 272 4213 tanturn
289 4165 317 4213 in
335 4164 503 4241 Gorgiaused
517 4165 592 4242 etiam
603 4165 666 4240 alibi
674 4180 712 4214 ex.
761 4180 825 4228 quos
839 4165 902 4243 alios
918 4166 1019 4214 videant
1036 4179 1127 4241 poenas
1143 4165 1257 4226 luentes,
1274 4167 1303 4216 hi

172 4244 212 4343 u
226 4231 713 4362 tu³ttttttz⁸tttutf¹⁸i⁸
760 4233 1303 4350 estun,sustentus:

172 4361 267 4418 διδωτει
285 4363 343 4419 δίκην
360 4368 489 4430 ὠφελοῦντο.
521 4363 606 4426 Igitur
624 4362 668 4411 ilia
684 4383 711 4414 τι
760 4362 797 4410 tio
810 4366 839 4411 ¹et
855 4362 1009 4412 oonstruotio
1025 4361 1086 4411 satis
1102 4377 1228 4428 superque
1242 4381 1301 4416 oon·

172 4432 209 4477 ιιαὶ
233 4429 346 4491 produnt
370 4429 516 4495 imperitum
541 4428 710 4488 Graeculum,
758 4428 876 4486 vineunt,
896 4428 980 4477 omnia
995 4444 1010 4477 a
1027 4428 1098 4477 nobis
1115 4443 1191 4494 supra
1209 4432 1303 4483 omissa

171 4492 216 4555 qui
233 4493 294 4542 haeo
310 4494 358 4543 sori
378 4495 412 4542 sit
427 4511 522 4543 memor
536 4492 654 4544 diotidnis
666 4493 709 4542 ob·
758 4493 829 4542 nullo
851 4493 939 4543 Attiou
961 4499 1063 4545 auotore
1082 4493 1157 4558 digna
1173 4500 1242 4558 etse,
1258 4512 1301 4548 ne-

170 4558 225 4608 vite
240 4559 269 4608 in
286 4561 333 4610 472
350 4511 377 4610 d)
391 4562 403 4610 ὀ
417 4561 497 4613 ἀδικῶν
516 4590 540 4596 -
555 4562 623 4617 ἦττον
632 4563 709 4618 ἄθλιος
759 4559 820 4609 dum
835 4559 948 4610 Plutone.
