3030 5294
499 816 974 903 ‘rectudendum

226 1424 299 1488 Duc
320 1422 463 1493 Platonis,
480 1425 609 1491 manime
632 1433 704 1490 suut
729 1428 865 1510 propria,
886 1427 1012 1493 alterum
1028 1429 1305 1512 argumentationes

181 1528 405 1613 syllogisticae,
438 1528 568 1596 alterum
596 1531 761 1615 particulae
788 1530 971 1599 dialecticae.
1018 1533 1304 1617 Argumentationes

182 1633 220 1699 ad
242 1656 289 1701 res
313 1634 483 1719 pertinent,
507 1635 671 1719 particulae
692 1634 730 1701 ad
754 1637 989 1719 grammaticam.
1032 1635 1119 1716 Quae
1142 1647 1303 1721 quantum-

182 1761 302 1828 cunque
325 1738 465 1807 differant
487 1741 574 1807 inter,
589 1762 635 1820 se,
658 1741 779 1809 illarum
802 1748 903 1806 tamon
926 1742 1030 1809 critica
1052 1737 1232 1809 examinatio
1252 1766 1305 1828 per

182 1866 213 1911 se
246 1844 284 1911 sd
306 1846 521 1912 accuratiorem
549 1845 654 1912 harum
681 1846 884 1931 cognitionem
911 1846 1007 1913 ducit.
1053 1850 1155 1931 Atque
1182 1849 1304 1913 omnino

183 1959 329 2034 utraeque
360 1951 398 2016 dc
427 1950 579 2018 industria
601 1950 772 2035 exploratae
795 1974 904 2036 magno
926 1950 1063 2022 subsidio
1086 1975 1151 2017 csse
1175 1963 1302 2037 possunt

185 2056 419 2124 emendatiorem
442 2054 579 2122 Platonis
599 2055 762 2123 editionem
779 2057 907 2141 paranti.
931 2056 1024 2138 Quod
1040 2081 1108 2125 cum
1121 2059 1183 2142 jam
1200 2058 1302 2126 dedita

185 2184 275 2247 opera
297 2162 329 2226 in
352 2183 414 2227 nnc
437 2169 467 2226 ct
489 2161 584 2226 altero
606 2161 771 2246 specimine
793 2162 994 2240 ostenderim,
1012 2186 1093 2231 nuuc
1109 2162 1302 2248 paucioribus
1335 2199 1337 2202 ·

186 2264 340 2332 absoluere
378 2287 522 2351 possum,
560 2273 598 2330 ut
631 2288 722 2351 quam
759 2266 939 2336 emendandi
970 2269 1115 2335 rationem
1146 2269 1179 2333 in
1210 2268 1301 2353 hujus

187 2372 299 2457 dialogi
330 2371 463 2440 editione
493 2370 625 2459 paranda
654 2371 802 2457 imprimis
836 2380 958 2440 secutus
993 2374 1049 2441 sim
1081 2373 1302 2457 quodaminodo

188 2478 328 2563 aperiam.
366 2475 416 2543 Ita
436 2485 536 2544 autem
559 2487 765 2561 comparatum
788 2487 834 2546 est
853 2478 911 2544 hoc
925 2501 1154 2563 rerumgesta,
1172 2472 1302 2547 utrecte

187 2583 296 2667 exponi
319 2592 349 2649 et
372 2580 493 2666 probari
516 2603 577 2646 non
600 2582 696 2666 possit
718 2582 783 2647 sine
806 2583 961 2667 exemplis.
985 2583 1120 2664 Quoties·
1138 2584 1231 2667 igitur
1253 2607 1300 2649 res

183 2689 275 2766 feret,
286 2683 535 2756 ¹luculentissima
549 2687 697 2773 quaedam
713 2688 803 2754 serbo
819 2689 977 2766 iudicabo,
994 2713 1071 2777 quae
1087 2690 1137 2755 cui
1153 2689 1203 2756 hic
1221 2713 1238 2754 a
1253 2712 1301 2756 me

183 2795 265 2859 dicta
288 2795 386 2863 lucem
409 2792 580 2863 desiderare
602 2793 859 2872 viduatum-suo
880 2795 1024 2881 quodque
1047 2796 1113 2864 loco
1138 2803 1302 2880 pectracta·

184 2911 249 2965 tum
272 2899 413 2984 inspiciet
437 2921 520 2985 rogo.
1190 2930 1196 2939 ·

227 3004 340 3070 Gritica
369 3004 461 3090 vulgo
493 3026 512 3067 a
542 3004 735 3087 grammatica
757 3004 876 3090 sejungi
893 3027 958 3069 non
984 3027 1070 3088 posse
1095 3005 1221 3071 videtur.
1262 3003 1305 3068 Si·

69 3184 73 3194 ,
183 3111 246 3176 cuti
276 3111 355 3176 enim
366 3158 375 3188 ,
408 3111 434 3177 si
466 3109 689 3193 simplicissima
721 3117 752 3177 et
783 3109 926 3181 facillima
956 3132 1046 3195 opera
1068 3132 1114 3174 ex.
1139 3132 1181 3193 gr.
1206 3105 1245 3180 εἷς
1268 3109 1305 3172 ὢν

183 3214 372 3283 scribendum
405 3237 508 3281 censes
539 3238 593 3301 pro
623 3216 710 3291 ἑκὼν,
734 3212 801 3293 ἅμα
824 3215 871 3281 rel
893 3217 964 3281 ἀλλ’
987 3212 1009 3280 ἃ
1033 3237 1086 3299 pro
1104 3214 1205 3296 ἑλλοὶ,
1228 3213 1305 3278 nihil

185 3322 356 3407 argumenti
387 3322 484 3388 inesse
519 3328 619 3406 potest
652 3321 684 3387 irr
718 3321 784 3407 ipsa
810 3320 965 3389 literarum
1000 3318 1216 3397 similitudine,
1253 3318 1305 3382 sed

183 3450 219 3492 cx
255 3436 320 3495 totu
351 3427 495 3494 orationis
528 3427 604 3492 serie
635 3434 666 3491 et
698 3426 814 3493 Graeca
842 3426 979 3494 dictione
1001 3432 1210 3510 argumentum
1238 3446 1305 3510 pro·

184 3535 247 3598 dire
281 3532 388 3611 debet,
422 3554 484 3618 quc
517 3531 586 3598 talis
620 3531 790 3601 emendatio
824 3531 1085 3616 mammeldal),
1120 3530 1163 3596 sic
1197 3529 1304 3607 etism,

218 3774 243 3837 l)
268 3769 425 3838 Hnjrrsmcdi
447 3776 487 3822 est
507 3769 535 3820 in
559 3769 629 3835 quod
653 3769 694 3820 his
717 3769 806 3821 dicbus
826 3757 920 3829 lucidi,
942 3768 1010 3820 Phil
1033 3770 1065 3817 34
1089 3767 1111 3817 0
1132 3778 1300 3820 ruarrut'ru(

185 3860 256 3923 m
271 3856 347 3915 Ma
362 3857 433 3924 reple
450 3862 556 3920 σώματος
571 3852 589 3902 i.
606 3868 628 3902 e.
643 3850 669 3903 b*
682 3855 752 3912 αὐτῆς
766 3861 807 3912 τῆς
824 3858 848 3919 t.
861 3854 908 3907 ne.
940 3851 1021 3903 Semel
1036 3853 1071 3902 ba
1081 3849 1159 3908 lecto,
1171 3849 1266 3900 scribae
1276 3864 1306 3899 ex

97 4000 101 4007 .
183 3937 252 3987 inani
268 3957 322 3995 eras
337 3935 450 3986 fecarunt
465 3942 513 4002 μὴ,
532 3950 579 4004 pro
595 3949 646 4000 qno
662 3933 745 3985 critici
762 3938 807 3986 aut
823 3952 855 4003 πῃ
871 3938 916 3984 ant
932 3933 974 3992 alda
990 3938 1035 3983 aut
1051 3933 1078 3996 δὴ
1093 3930 1209 3999 deinceps
1223 3928 1306 3979 defen·

184 4019 259 4069 dunt:
278 4016 367 4067 deinde
383 4032 413 4067 ex
429 4016 537 4068 secunda
554 4015 649 4082 syllaba
664 4026 705 4076 τῆς
721 4014 817 4066 factum
833 4021 873 4075 τὴν
882 4014 975 4081 ,qnod
995 4018 1129 4077 utrumque
1145 4016 1228 4062 tannen
1244 4027 1306 4061 non·

184 4100 250 4152 nulli
265 4098 363 4150 codices
378 4099 477 4151 habent.
497 4098 545 4148 Est
561 4102 644 4148 autem
660 4097 729 4148 illud
743 4100 809 4156 αὐτὸς
825 4100 839 4149 t
853 4112 904 4147 una
918 4112 976 4148 cum
993 4096 1030 4145 sic
1044 4094 1128 4161 posito
1146 4099 1216 4165 χωρὶς
1232 4093 1307 4144 initio

110 4187 113 4192 '
185 4184 263 4250 hujus
284 4185 349 4248 tear
367 4186 393 4233 et
408 4180 515 4234 recurrit
530 4181 558 4231 in
574 4196 603 4232 co
619 4180 718 4245 quotics
734 4180 818 4234 cadem
835 4183 951 4233 accurata
968 4178 1046 4229 dictio
1058 4176 1192 4242 flagitatum
1209 4176 1307 4242 Hujus-

186 4264 256 4316 modi
277 4263 355 4329 igitur
376 4262 517 4314 emendatio
542 4279 571 4315 ex
595 4262 687 4313 talibus
708 4261 820 4327 vestigiis
842 4262 947 4311 inventu
970 4260 1101 4312 facillima:
1120 4258 1165 4308 ubi
1181 4274 1239 4309 vero
1256 4274 1307 4308 non

187 4351 286 4397 tantum
301 4362 332 4397 ne
348 4345 432 4396 littera
448 4343 550 4411 quidem
566 4344 687 4409 genuinae
703 4343 847 4411 scriptionis
865 4346 992 4410 anpmest,
1008 4341 1053 4392 sed
1068 4340 1131 4391 aliae
1146 4356 1249 4407 pronus
1265 4340 1307 4390 lit·

189 4433 255 4494 tarsa
269 4433 295 4480 ct
309 4442 382 4480 rocas
398 4427 426 4479 in
441 4426 570 4480 eodleibm
587 4425 694 4478 traditae
710 4421 785 4487 sunt,
802 4425 943 4477 emendatio
959 4429 997 4475 cst
1012 4438 1089 4490 quam
1105 4421 1263 4474 difficillima.
