3030 5294
156 323 198 386 26
580 322 859 389 PLATONIS

157 524 205 590 uei
228 524 383 601 ἐκβάλλειν
411 524 424 587 ί
433 528 464 592 ἐκ
486 533 541 591 τῶν
564 526 695 593 πόλεων]
716 530 836 599 ,ἐκεῖνος
860 529 912 607 μὲν
936 527 994 606 γάρ
1021 527 1068 591 ε’ττί
1089 527 1184 608 δικκίρι
1199 527 1285 608 χρείρι

158 631 336 712 παρέδωκεν,
357 633 370 698 ί
394 631 416 696 δ’
430 635 561 706 ἐναντίως
584 643 703 715 χρῆσαι.
726 635 775 698 τόν
797 630 842 699 οὖν
865 636 913 699 οὐκ
933 634 1012 724 ὀρθῶς
1031 634 1175 713 χρώμενον
1191 640 1284 710 μισεῖν

158 736 262 802 δίκαιον
287 738 336 807 καί
360 738 516 816 ἐκβάλλειν
539 740 588 804 uel
611 741 828 816 ἀποκτιννύναι,
853 743 922 803 ἀλλ’
944 743 974 804 οὐ
997 739 1044 802 τόν
1067 738 1235 814 διδάξαντα.

204 847 275 910 XII.
311 856 382 911 ΣΩ.
419 841 531 923 Οίροσιι,
568 843 588 910 ὦ
621 847 747 926 Γοργίω,
782 846 830 911 καί
864 846 896 909 σὲ
922 845 1053 924 ἔμπειρον
1076 842 1147 910 είνοιι
1170 850 1285 909 πολλῶν

158 952 253 1031 λόγων
275 953 324 1017 κοιί
349 951 554 1028 καθεωρακέναι
577 955 605 1016 ἐν
630 954 727 1023 adroic
749 952 782 1016 τὸ
804 951 923 1030 τοιόνδε,
952 948 993 1015 ίτι
1022 953 1052 1015 οὐ
1078 951 1173 1032 ῥᾳδίως
1190 937 1293 1015 δάνιον(

157 1083 207 1123 τκι
239 1057 301 1136 περὶ
326 1053 370 1121 ὧν
401 1057 436 1121 άν
465 1059 667 1138 ἐπιχειρήσωσι
691 1057 874 1134 δικλίμεσθοιι
898 1056 1080 1136 διορισάμενοι
1103 1056 1170 1136 πρός
1192 1057 1285 1131 άλλιί-

86 1154 90 1161 ’
160 1179 226 1235 λονι
258 1163 308 1229 καί
342 1163 481 1242 μαθόντες
512 1164 560 1228 rai
592 1161 757 1238 διδάξοντες
786 1162 905 1234 ἑαυτοὺς
935 1161 1005 1226 οίίσω
1036 1162 1200 1226 διαλύεσθαι
1228 1163 1286 1234 τάς

159 1271 328 1349 σννονσίοιο,
355 1272 426 1335 άλλ’
449 1270 498 1334 ε’άν
522 1271 587 1349 τερί
607 1293 657 1333 του
680 1268 930 1350 άμφισβκτνίσωσι
956 1267 1004 1332 rai
1029 1270 1071 1346 μὴ
1093 1277 1137 1348 Φῆ
1160 1269 1172 1330 o‘
1195 1266 1320 1347 ἕτεροςῙ)

158 1379 207 1471 τόν
240 1374 332 1457 ἕτερον
364 1376 444 1456 ὀρθῶς
470 1376 567 1452 λέγειν
592 1375 608 1450 ἢ
632 1377 674 1452 μὴ
696 1380 818 1454 σαφῶς,
842 1374 1056 1454 χαλεπαίνονσί
1078 1399 1111 1437 τε
1132 1375 1181 1436 καί
1205 1372 1287 1437 κατά

158 1482 256 1566 Φθθνσν
280 1482 381 1546 οίοντοιι
404 1480 452 1546 τόν
475 1482 580 1546 ἑαυτῶν
603 1481 701 1558 λέγειν
720 1466 962 1563 φιλονεικοίιντες,
988 1479 1059 1543 άλλ’
1084 1482 1114 1543 οὐ
1136 1478 1287 1558 ζητοῦντες

158 1682 270 1748 exempla
286 1679 421 1730 contuleris
439 1696 496 1730 cum
513 1678 595 1730 tribus
607 1681 698 1746 priori·
748 1697 813 1730 mom
830 1679 908 1730 morti
925 1679 1004 1729 vitam
1016 1694 1105 1741 ομνια,
1117 1680 1217 1727 eandm
1229 1678 1288 1742 ι’ρισ

158 1750 219 1807 bus,
236 1749 264 1797 in
279 1748 372 1812 quibus
389 1747 487 1795 nullum
498 1747 660 1813 participium
672 1747 699 1796 in
747 1747 859 1796 instante
875 1749 955 1795 morte
962 1745 1133 1809 perturbari?
1150 1744 1227 1807 Gorg.
1239 1749 1286 1794 456

159 1816 242 1866 mdem
255 1814 358 1880 periodo
367 1812 698 1878 praecedit,miraquaedam
747 1813 772 1862 D
799 1813 851 1863 sic:
877 1813 901 1862 at
925 1813 982 1874 quta
1006 1839 1038 1847 —
1066 1811 1181 1859 luctandi
1207 1815 1293 1869 artem,

123 1938 125 1942 ¹
159 1880 299 1931 similitudo
316 1879 382 1928 inter
395 1878 631 1942 utrumueharum
642 1895 698 1944 par·
748 1880 923 1942 doctua,quoa
934 1876 1035 1926 minime
1046 1881 1176 1940 oporteat,
1184 1881 1287 1940 patrem

158 1948 293 1997 ticulsrum
312 1960 386 1994 usum
403 1950 429 1994 et
445 1945 472 1993 in
488 1944 570 1993 media
587 1945 699 1994 oratione
742 1945 837 2008 μνρκίν
858 1945 950 1993 ccedet
971 1947 1017 1992 out
1036 1947 1150 1992 matrem.
1172 1948 1196 1992 et
1212 1959 1286 2006 quem

158 2018 184 2064 et
205 2013 233 2062 in
255 2011 328 2061 initio
350 2011 490 2076 positarum
506 2010 633 2061 videbitur
650 2011 698 2063 tibi
747 2027 823 2076 supra
847 2003 940 2075 scripsi
962 2009 1020 2072 (457
1048 2009 1082 2072 Β)
1105 2009 1154 2057 sic:
1176 2009 1199 2056 ai
1218 2024 1286 2068 vero,

159 2094 212 2130 esse
227 2083 252 2127 et
268 2076 336 2142 quod
352 2075 384 2124 ad
395 2076 501 2126 formam
512 2092 596 2126 earum
607 2076 698 2126 attinet
742 2081 819 2141 puto,
840 2076 991 2126 rhetoricam
1016 2078 1096 2124 ortem
1113 2074 1303 2137 domuscula,

159 2150 184 2196 et
200 2143 269 2210 quod
285 2141 315 2191 ad
334 2142 548 2204 significationem.
566 2142 601 2191 Et
612 2159 699 2207 quam-

160 2227 235 2276 quam
253 2224 304 2258 non
320 2207 413 2272 liquet,
429 2224 493 2273 quae
509 2209 632 2257 sententia
643 2209 700 2257 sim·

160 2276 251 2343 plicem
273 2290 337 2338 quae
356 2275 515 2338 conjunctam
532 2290 590 2322 cum
608 2278 644 2326 καὶ
662 2291 698 2323 re-

159 2342 256 2407 quirat,
268 2355 340 2390 nemo
352 2342 435 2389 tamm
444 2340 563 2406 exemplis
573 2339 613 2388 his
622 2341 698 2389 utris-

160 2425 209 2474 que
234 2406 330 2461 collatis
354 2422 447 2473 ungine¹
465 2406 558 2471 poterit
583 2406 699 2472 copulam

161 2479 213 2539 καί,
239 2473 382 2537 ubicunque
407 2471 541 2537 conjuncta
565 2487 622 2521 cum
648 2473 699 2524 εἶτα

159 2542 200 2592 vel
215 2545 303 2593 daura
326 2538 435 2588 occurrit
457 2538 486 2586 in
508 2538 549 2587 his
567 2537 698 2586 similibus.

161 2606 247 2656 Sicubi
264 2605 330 2653 enim
348 2604 409 2653 haec
420 2603 544 2667 particula
554 2603 628 2653 inane
645 2619 698 2652 ora·

161 2671 238 2721 tionis
259 2687 323 2720 onus
342 2686 394 2719 esse
428 2675 507 2727 osset„
523 2669 644 2719 inchoans
660 2669 698 2718 in-

142 2799 144 2803 .
161 2737 351 2801 ter-rogationem
363 2752 389 2783 m
417 2735 614 2799 tomcgis‘esset,
624 2751 699 2799 quam

160 2805 189 2854 in
205 2803 287 2852 media
303 2801 422 2852 oratione.
445 2801 539 2850 Verum
551 2817 630 2864 neque
638 2800 699 2850 haec

161 2885 241 2934 neque
265 2868 316 2917 ulla
340 2867 388 2916 alia
410 2882 458 2916 vox
481 2867 554 2916 inane
579 2867 699 2916 orationis

161 2952 224 2987 onus
241 2950 294 2984 esse
309 2937 401 3000 potest.
427 2933 513 2997 Etiam
530 2933 602 2999 pejus
618 2949 698 2996 gram·

161 3003 266 3052 maticae
290 3000 424 3049 consulunt
449 2999 494 3064 qui
519 2999 570 3048 huc
593 2999 700 3049 trabunt

161 3069 243 3127 locos,
268 3065 294 3115 in
315 3066 407 3130 quibus
426 3066 477 3118 εἶτα
493 3065 559 3114 inter
575 3065 626 3114 duo
642 3082 698 3130 par·

161 3135 249 3201 ticipia
264 3133 375 3199 positum
392 3137 430 3181 est
446 3133 485 3182 vel
501 3131 631 3195 inquibus
643 3139 699 3201 πρό·

160 3222 225 3271 τιρσν
245 3199 355 3248 simileve
390 3197 434 3247 uid
449 3199 477 3248 in
493 3197 577 3248 eadem
594 3198 697 3264 periodo

159 3266 301 3334 praecedit,
329 3215 480 3314 conduentes
505 3280 543 3314 ex.
570 3279 607 3328 gr.
632 3263 696 3314 Xen.

747 2147 837 2192 coctrc
862 2159 937 2205 quom
962 2142 1061 2198 deceat,
1089 2142 1138 2189 Ιισο
1157 2145 1287 2204 potestate

747 2213 823 2272 atque
845 2213 902 2275 crte
925 2208 1019 2272 injuste
1041 2210 1131 2256 utatur
1147 2211 1193 2255 eto.
1221 2207 1285 2256 Nam

747 2275 839 2324 Latina
860 2275 945 2340 lingua
961 2288 1012 2322 non
1029 2272 1104 2322 habet
1121 2272 1287 2338 particulam,
1344 2306 1347 2310 -

746 2355 810 2405 quae
835 2339 983 2406 respondeat
1009 2338 1117 2394 Graecae
1141 2339 1169 2386 in
1192 2339 1284 2387 talibus

747 2406 877 2456 sententiis
902 2405 1036 2456 adhibitae.
1069 2403 1182 2454 Confer-ri
1202 2408 1285 2470 potest

747 2488 804 2522 cum
828 2473 880 2521 illis
896 2470 1020 2537 particula
1035 2475 1101 2524 πόθεν
1117 2470 1161 2519 ubi
1177 2471 1231 2535 ejus
1247 2471 1285 2520 vis

746 2554 797 2587 non
822 2543 859 2588 est
883 2538 949 2586 unde
974 2537 1017 2586 se'd
1038 2537 1083 2586 ubi
1099 2535 1231 2586 manifesto
1248 2541 1286 2586 est
1337 2570 1340 2576 ι

731 2601 904 2658 'vehementer
925 2603 1045 2667 negantis.
1077 2603 1116 2652 De
1137 2602 1184 2652 hac
1201 2607 1285 2652 autem

746 2670 886 2719 videbimus
902 2669 969 2718 infra
984 2669 1017 2717 ad
1034 2669 1078 2720 471
1097 2669 1130 2718 D.

779 2764 811 2774 -
828 2736 853 2784 D
864 2735 911 2790 (sic
919 2735 1005 2799 vulgo)
1014 2737 1195 2802 φιλονεικοῦντας,
1204 2735 1253 2784 ἀλλ’
1261 2737 1285 2785 σθ

747 2804 881 2865 ζητοῦντας]
904 2801 1015 2851 Haerent
1031 2803 1059 2851 in
1072 2803 1113 2850 his
1125 2801 1283 2860 accusativis,
1321 2803 1327 2811 '

747 2868 814 2917 nihil
835 2876 918 2917 tamen
939 2872 1037 2917 mutare
1059 2867 1159 2917 audent.
1190 2866 1284 2916 Verum

746 2935 895 2984 nominativi
918 2933 969 2983 sint
989 2949 1085 2983 necesse
1107 2939 1158 2992 est,
1178 2933 1237 2997 quia
1254 2947 1285 2982 ne

745 2995 848 3050 verbum
859 3001 961 3064 quidem
972 3001 1071 3064 legitur,
1080 3000 1147 3048 unde
1156 2998 1284 3057 conficias,

747 3066 837 3116 alteros
859 3067 899 3117 vel
921 3066 1027 3116 alterum
1043 3066 1176 3130 quemdam
1193 3064 1284 3114 intelli·

746 3133 855 3196 gendum
872 3135 995 3199 φιλονείκως
1010 3136 1106 3199 ἔχοντα,
1127 3131 1234 3181 alterum
1251 3151 1284 3198 ρι-

747 3193 854 3267 lantper,
874 3204 903 3248 ut
915 3199 995 3264 ipsius
1006 3199 1119 3248 Platonis
1130 3197 1211 3247 verbis
1219 3201 1285 3246 utar.

748 3265 865 3316 Universi
873 3265 1029 3329 disputantes
1039 3265 1218 3327 significantur.
1231 3262 1285 3324 Qui

77 3380 80 3387 .
161 3334 241 3383 Anub.
268 3333 290 3380 2.
317 3334 345 3390 5,
371 3333 401 3380 20
424 3346 481 3379 cum
506 3333 528 3378 1.
546 3332 574 3389 2,
593 3331 636 3389 25,
653 3329 697 3378 ubi
745 3330 824 3395 igitur
839 3332 876 3380 ita
891 3331 1035 3394 disputant,
1057 3335 1102 3389 ut,
1125 3331 1146 3379 si
1168 3329 1230 3378 alter
1249 3328 1284 3377 al-

159 3399 285 3462 vulgarem
311 3397 439 3447 notionem
466 3396 541 3444 habet
565 3395 698 3460 particula.
746 3401 829 3446 terum
839 3413 890 3446 non
901 3401 966 3444 recte
978 3395 1059 3446 dicere
1068 3397 1208 3455 dicat,hoc
1216 3410 1285 3458 aegre

161 3465 228 3514 Vide
250 3463 315 3513 Xen.
336 3463 414 3515 Mem.
434 3465 455 3510 1.
474 3465 501 3521 l,
519 3465 533 3510 5
551 3462 620 3513 όδόκει
636 3459 656 3511 δ’
671 3466 699 3512 ἂν
746 3462 827 3512 ferant
851 3467 876 3511 et
898 3464 988 3528 putent
1008 3478 1033 3511 se
1049 3478 1094 3527 per
1110 3462 1231 3511 invidiam
1247 3476 1284 3509 re-

162 3531 280 3596 (ἡλίθιοι),
304 3533 328 3585 τό
351 3529 506 3597 προαγορεὺων
530 3531 569 3584 ὡς’
582 3529 625 3577 ὑπό
649 3531 698 3578 θεοῦ
746 3528 892 3594 prehensos,
908 3528 927 3576 ti
938 3525 1000 3576 hocf
1007 3544 1076 3577 acere
1086 3533 1111 3577 et
1121 3528 1223 3576 omnino
1234 3526 1284 3575 dis·

161 3604 281 3665 φαινόμενα
295 3595 358 3664 κᾷτα
374 3596 504 3662 ψευδόμενος
519 3596 627 3660 όραίνετσ.
641 3593 699 3642 alte·
745 3599 834 3659 putare
851 3594 970 3643 dicuntur
984 3610 998 3641 a
1010 3593 1110 3644 Socrate
1122 3597 1285 3660 φιλονεικοῦντες

103 3712 105 3728 .
161 3679 218 3712 rum
240 3661 401 3728 participium
424 3659 456 3708 ad
478 3663 578 3728 όραθνιτσ
593 3658 697 3708 referen·
746 3659 796 3710 dll’
822 3664 846 3711 σύ
871 3666 988 3724 ζητοῦντες
1012 3665 1039 3711 τό
1054 3679 1072 3711 π
1089 3665 1199 3725 ναιόμενον
1215 3664 1236 3710 όν
1252 3670 1285 3724 τῷ

161 3729 231 3779 dum.
261 3727 346 3787 Quare
366 3725 410 3774 hic
430 3725 500 3774 locus
517 3725 605 3774 similis
622 3729 659 3774 est
675 3723 698 3773 ei
746 3727 815 3792 λόγῳ,
833 3733 909 3797 ὥσπερ
927 3726 1003 3791 (Phd.
1020 3728 1049 3775 91
1086 3727 1283 3792 domomum(-

161 3795 206 3860 qui
230 3793 321 3858 legitur
347 3792 423 3840 Anab.
448 3793 470 3840 2.
496 3794 524 3851 5,
544 3792 586 3840 20.
611 3792 698 3854 Neque
747 3793 826 3843 όωτοι,
853 3796 983 3843 Caeterum
1005 3808 1056 3841 non
1079 3797 1129 3852 est,
1146 3792 1215 3856 quod
1231 3806 1283 3847 mo-

160 3861 264 3911 meliom
279 3875 325 3908 nos
343 3857 429 3907 docere
446 3862 582 3915 conantur,
598 3857 643 3920 qui
659 3872 697 3904 ex.
746 3874 818 3907 neam
834 3874 971 3924 pronomen
987 3860 1077 3917 όνωτσὺς
1089 3859 1117 3906 in
1126 3863 1235 3922 μαθόντες
1247 3861 1285 3907 καὶ

161 3943 197 3992 gr.
214 3927 242 3977 in
258 3926 337 3976 Arist.
354 3923 424 3972 Dccl.
442 3925 488 3973 529
500 3923 637 3988 particulae
647 3920 699 3987 κᾷτ’
747 3925 875 3984 διδάξαντας
891 3926 997 3985 ἑαυτοὺς,
1008 3942 1071 3989 quae
1081 3925 1157 3991 paulo
1170 3923 1285 3988 superius

160 3993 262 4060 proprie
273 3996 331 4059 post
342 3996 460 4060 φράσασαν
470 4005 544 4038 suum
554 3989 638 4037 locum
646 4004 699 4038 esse
746 3992 871 4055 leguntur,
894 3993 926 4040 ad
942 3991 1067 4056 posterius
1084 3991 1166 4040 solum
1182 3989 1284 4056 partici-

160 4060 300 4138 perhibent.
329 4056 433 4107 Ordinis
449 4055 528 4119 igitur
543 4054 645 4104 notione
660 4070 697 4103 re·
746 4057 817 4122 pium
833 4057 964 4124 pertinere.
986 4056 1097 4106 Similem
1114 4056 1174 4105 huic
1185 4054 1284 4104 dicendi

158 4131 225 4192 Jecta
241 4141 277 4175 ex.
295 4142 331 4190 gr.
348 4120 414 4174 Phd.
431 4121 461 4172 67
479 4121 513 4171 D.
530 4124 603 4172 οὐκοῦν
615 4147 648 4158 -
662 4142 698 4185 γε·
746 4123 868 4175 rationem
884 4123 941 4173 vide
956 4122 984 4170 in
996 4123 1070 4186 Legg.
1083 4123 1130 4172 934
1142 4122 1174 4170 E.
1187 4125 1198 4172 ό
1210 4119 1285 4186 δ’ἀμ-

161 4196 226 4263 Ιίσῐσν,
238 4197 264 4244 ἂν
287 4196 336 4255 εἴη,
355 4191 427 4258 ἄνδρα
442 4185 633 4258 παρασκευάζονθ
648 4191 699 4238 όντω-
748 4196 864 4258 protutor
880 4194 901 4240 ἒν
917 4208 963 4240 τισι
978 4190 1049 4252 λόγοις
1060 4192 1126 4245 ἄλλος
1138 4190 1198 4254 ἄλλῳ
1210 4188 1284 4237 διδασ-

160 4263 198 4310 rba
221 4264 246 4317 όν,
264 4270 297 4326 τῷ
324 4261 370 4326 βίῳ
392 4260 427 4307 ότι
449 4258 564 4318 irritatu
586 4257 639 4304 ὄντα
660 4259 700 4305 τοῦ
748 4265 805 4307 stro
821 4261 859 4307 καὶ
874 4259 1004 4321 μανθανέτω
1021 4263 1059 4305 τόν
1068 4253 1285 4320 τ’ἀμρισβητσῡντα

160 4329 261 4376 τεθνάναι
284 4327 341 4376 οὕτω
362 4332 402 4387 ζῆν
423 4320 511 4372 κᾶπειθ’
528 4326 616 4378 ἦκσντσι
632 4323 701 4371 αὐτοῦ
748 4324 850 4380 καὶτοὺς
866 4329 980 4390 παρόντας
996 4326 1135 4388 ἀπεχόμενος
1148 4325 1286 4376 πάντωςτοῖι

85 4404 88 4411 ·
161 4392 241 4442 rubroc
257 4397 402 4455 ἀγανακτεῖν,
420 4387 489 4436 hune
505 4387 532 4434 in
546 4387 698 4435 modumin·
748 4396 886 4456 κακηγορεῖν.
924 4385 1059 4436 Manifesta
1087 4385 1222 4436 accusativi
1249 4389 1287 4435 τόν

162 4457 328 4521 terpretamur
339 4461 364 4505 et
374 4453 508 4504 vertimus:
521 4453 623 4514 Εσροωσ
633 4451 699 4501 ridi·
722 4457 727 4466 “
747 4458 935 4522 όμρισμητοῦντα
956 4457 993 4504 καὶ
1014 4456 1063 4511 τοὺς
1079 4472 1136 4530 παρ.
1150 4451 1286 4518 pendente
1369 4492 1376 4504 ,

161 4521 242 4570 aum
267 4524 343 4582 estet,
367 4521 448 4570 σίκιννιν
474 4534 500 4566 ιο
515 4523 652 4585 petractem
669 4534 700 4566 oo
747 4521 822 4569 verbo
841 4521 971 4571 διδασκέτω.
997 4518 1080 4580 Quam
1093 4535 1173 4585 ipsam
1184 4518 1216 4566 ob
1228 4531 1285 4566 can-

159 4587 312 4650 studentem,
339 4589 395 4638 όιιιιι
422 4583 504 4644 oinct,
521 4597 596 4658 ριισιν
607 4582 699 4648 proci·
747 4599 847 4661 causam
869 4585 996 4664 interponi
1016 4602 1068 4636 non
1083 4589 1167 4652 potest
1182 4583 1286 4635 verbnm
