3030 5294
171 307 206 351 18
529 283 931 352 Puouuaonunn.

173 490 271 555 sicubi
303 489 501 553 audacissima
531 489 701 552 mutatione
731 510 775 554 cx.
806 511 850 572 gr.
882 510 937 572 pro
963 487 1063 552 πολλὰ
1085 509 1148 551 non
1171 471 1313 562 881888,

173 596 226 661 sed
251 596 296 659 illi
319 595 555 659 dissimillimum
579 594 737 680 multoque
760 593 913 659 difficilius
937 594 1064 657 inventu
1086 592 1165 657 88881
1188 592 1294 676 reponi
1318 589 1319 592 '

170 701 275 788 jubes,
297 723 352 786 pro
371 698 519 785 bisyllabo
542 699 645 771 8888188
666 707 770 764 888188
790 698 1009 784 polysyllabum
1024 698 1210 776 ἀνιωμένους,
1228 705 1295 761 1818

173 807 396 893 argumentatio
427 806 593 891 repositum
624 806 759 889 requirat
785 827 903 869 necesse
935 811 981 868 est
1012 825 1110 889 neque
1133 804 1295 869 mutationi

173 914 339 998 refragetur
361 912 482 977 dicendi
505 911 705 978 consuetudo.
734 910 878 976 Attamen
900 930 969 983 cum
993 909 1110 994 aliquid
1128 908 1294 973 secuudum

52 1092 55 1096 p
173 1019 396 1103 grammaticam
419 1027 499 1083 recte
522 1042 553 1083 se
576 1015 687 1083 habere
707 1016 821 1101 possit,
838 1015 1058 1100 argumentatio
1075 1021 1176 1079 autem
1193 1037 1293 1079 neces-

173 1124 251 1187 sario
274 1123 358 1187 aliud
381 1123 455 1209 quid
478 1123 630 1208 requirat,
658 1123 716 1186 hoe
739 1121 984 1185 emendationum
1007 1142 1103 1204 genus
1127 1120 1224 1204 magis
1247 1143 1295 1184 res

174 1237 308 1313 spectare
331 1227 392 1292 dici
414 1235 532 1314 potest,
555 1236 584 1292 81
608 1228 817 1312 grammaticae
833 1226 916 1290 haud
931 1227 974 1289 ita
989 1247 1101 1310 gnarus
1118 1225 1196 1289 hanc
1213 1226 1296 1289 criti-

177 1355 242 1399 cam
266 1355 402 1398 exercere
425 1345 534 1418 posset.
578 1332 656 1397 Vide
679 1332 814 1417 exempla
836 1332 868 1396 in
892 1335 954 1396 495
979 1331 1006 1395 Β
1029 1340 1059 1396 81
1082 1334 1145 1394 498
1171 1331 1216 1409 Ε,
1240 1331 1296 1395 im·

176 1440 279 1524 primis
303 1448 405 1504 autem
429 1443 492 1503 498
517 1439 553 1504 Β.
578 1437 690 1504 Eadem
713 1439 774 1503 fere
797 1439 914 1502 ratione
937 1437 974 1501 de
997 1437 1114 1501 lacunis
1131 1444 1161 1500 et
1182 1437 1297 1501 addita·

174 1544 283 1609 mentis
312 1544 520 1628 judicandum.
560 1543 623 1609 Ubi
652 1542 732 1608 euim
756 1564 807 1609 ex..
825 1565 870 1628 gr.
894 1564 987 1607 unam
1011 1542 1148 1607 voculam
1174 1542 1203 1607 18
1227 1549 1295 1626 post

77 1728 81 1745 Ι
174 1650 278 1727 88818,
301 1648 376 1731 μόνῳ
399 1657 467 1733 post
493 1649 593 1730 μόνος,
616 1648 662 1713 881
685 1649 806 1713 (188881
829 1645 918 1713 citarat
932 1653 1012 1732 'post
1034 1648 1121 1712 819188
1146 1647 1293 1712 excidisse

102 1799 105 1807 -
172 1754 361 1839 judicamus,
386 1755 450 1818 sola
472 1755 533 1820 lere
556 1755 748 1840 grammatica
771 1753 848 1817 duce
876 1753 1009 1829 utimur,
1032 1753 1087 1818 ubi
1111 1764 1179 1818 vero
1196 1761 1296 1817 totum
1401 1786 1403 1789 ·

175 1859 292 1944 periodi
321 1858 490 1925 membrum
522 1860 637 1924 auctori
668 1851 821 1924 reddiuius
852 1865 884 1924 et
913 1859 960 1923 881
992 1866 1088 1923 totam
1118 1859 1294 1943 periodum,

176 1986 253 2049 quae
283 1965 365 2050 salva
388 1965 581 2049 grammatica
603 1962 707 2029 abesse
727 1972 862 2050 posset,
876 1964 940 2028 sola
963 1966 1223 2049 argumentatione
1248 1965 1296 2029 vel

178 2069 335 2134 dialectica
357 2069 434 2134 duce
458 2070 584 2157 utimur.
621 2070 723 2154 Atque
745 2070 777 2133 in
796 2069 909 2158 talibus
938 2091 985 2132 res
1009 2070 1104 2153 magis
1127 2091 1217 2153 quam
1242 2070 1297 2134 lin·

176 2196 238 2260 gna
260 2182 422 2258 spectatur.
456 2174 536 2240 Vide
559 2177 622 2241 479
648 2175 675 2238 D
699 2173 866 2240 814980.
905 2173 997 2255 Quod
1020 2175 1129 2240 deinde
1153 2175 1191 2239 ad
1215 2175 1298 2240 addi·

177 2287 311 2344 tamenta
334 2280 460 2359 attinet,
483 2280 599 2345 minora
622 2302 691 2345 cnm
712 2280 768 2358 iis,
792 2281 903 2365 quibus
927 2281 1077 2365 adscripta
1096 2288 1186 2359 sunt,
1205 2281 1295 2367 vulgo

85 2398 86 2405 ’
177 2385 351 2470 languidam
383 2371 581 2472 tautologiam
613 2375 765 2464 efficiunt,
797 2388 909 2473 majora
940 2388 1068 2471 peccatis
1097 2387 1129 2450 in
1157 2388 1295 2472 linguam

178 2491 330 2576 simulque
359 2491 427 2556 aliis
458 2492 582 2578 ineptiis
604 2491 744 2569 sordent,
769 2512 845 2575 quae
867 2491 1064 2575 grammatico
1088 2513 1148 2556 non
1172 2491 1294 2557 terenda

108 2679 113 2694 ἱ
178 2602 260 2660 8881.
302 2595 341 2660 In
371 2596 479 2662 mediis
509 2605 610 2662 autem
632 2597 813 2683 syllogismis
835 2603 920 2661 tanta
942 2607 972 2661 et
995 2598 1066 2661 talia
1092 2597 1298 2662 additamenta

177 2698 368 2764 librariorum
398 2722 468 2766 cum
497 2702 574 2780 sint,
608 2699 737 2786 quibus,
776 2703 913 2787 quamvis
948 2724 1010 2766 non
1043 2703 1105 2768 sint
1139 2703 1297 2768 offensioni

178 2806 398 2891 grammaticis,
433 2807 703 2892 argumentationis
738 2815 837 2872 tamen
868 2815 956 2873 tenor
984 2807 1141 2892 frangatur
1172 2809 1296 2894 ejusque

80 2934 82 2941 ·
178 2911 294 2991 ἀνάγκη
319 2933 441 2997 prorsus
463 2913 641 2991 infirmetur,
665 2935 700 2979 ea
723 2912 874 2999 expellens
897 2935 998 2978 rerum
1019 2913 1153 2979 criticam
1169 2920 1296 2978 exercet.

179 3017 258 3083 Vide
281 3020 343 3084 497
369 3018 507 3082 1)-498
530 3017 566 3082 ll.

222 3124 252 3188 A
280 3122 511 3209 diligentissima
531 3123 625 3208 igitur
646 3124 889 3210 syllogismorum
913 3125 1119 3211 exploratione
1141 3125 1295 3210 profectus

179 3228 256 3293 hanc
278 3229 299 3295 i.
323 3253 348 3294 8.
373 3250 474 3294 rerum
496 3251 619 3315 quoque
641 3231 775 3296 criticam
799 3253 935 3297 exercere
958 3232 1067 3318 incepi.
1106 3232 1208 3315 Atque
1232 3255 1296 3296 eam

178 3357 318 3400 exercens
341 3356 403 3399 non
425 3356 492 3399 raro
515 3335 759 3421 grammaticam,
783 3337 958 3423 praesertim
978 3336 1142 3422 particulas
1162 3337 1298 3402 emenda·

179 3439 313 3506 tionibus
336 3439 491 3526 suffragari
514 3448 619 3525 postea
641 3440 858 3526 comperiebam
882 3441 939 3520 iis,
964 3464 1039 3526 quas
1060 3442 1124 3506 sola
1140 3442 1310 3507 dialectica-

178 3545 308 3610 ducein
332 3546 645 3632 argumentationibus
667 3547 804 3613 feceram.
847 3547 956 3630 118888
983 3547 1226 3633 syllogismorum
1249 3571 1297 3611 ex·

178 3650 306 3736 ploratio
329 3657 359 3714 et
382 3650 553 3717 emendatio
576 3652 614 3715 ad
637 3654 861 3737 grammaticam
881 3653 1059 3732 reducebat,
1077 3655 1195 3719 ethaeo
1211 3654 1296 3717 vicis·

178 3756 234 3820 sim
268 3756 391 3821 illorum
426 3757 663 3842 explorationem
697 3760 815 3845 egregie
846 3759 1018 3846 adjurabat.
1064 3759 1157 3840 Quod
1184 3759 1295 3824 clarius

178 3861 329 3947 intelliges
352 3864 378 3927 si
401 3863 438 3931 de
462 3864 617 3948 particulis
640 3865 803 3933 dixerimus
826 3873 857 3930 et
878 3867 945 3951 ipsa
971 3867 1106 3951 exempla
1120 3867 1295 3951 inspexeris.

221 3968 394 4034 Particulae
425 3969 596 4035 dialecticae
615 3966 660 4036 'in
691 3972 865 4058 hujusmodi
889 3970 1145 4059 complexionibus
1173 3973 1296 4041 obviae:

177 4073 343 4151 81118188,
366 4074 438 4140 ἀλλ’
460 4075 533 4142 οὕτω
555 4100 611 4155 γε,
634 4077 684 4145 881
707 4082 764 4156 μὴν
786 4117 831 4128 -
852 4103 910 4156 γε,
936 4078 985 4144 881
1007 4079 1064 4157 μὴν
1086 4077 1154 4156 881,
1177 4077 1298 4159 881818

178 4177 1298 4274 91888881-8188899,κ8181891-γε,δε’γε,δὲ-δὴ,181

178 4305 274 4368 genus
306 4285 497 4365 innumerae,
529 4310 632 4353 omnes
665 4312 750 4354 suam
782 4312 919 4374 quaeque
950 4289 1028 4366 vim,
1053 4312 1139 4352 suam
1162 4312 1298 4376 quaeque
1388 4369 1391 4374 Ι

178 4387 280 4452 locum
311 4390 343 4453 in
374 4391 463 4455 variis
488 4392 746 4478 complexionibus
771 4393 900 4472 habent,
925 4395 1007 4480 quod
1031 4395 1079 4458 vix
1102 4394 1296 4459 monendum.

179 4493 220 4560 At
243 4515 320 4583 8888
343 4497 490 4585 cujusque
513 4497 580 4563 8181
602 4498 656 4583 881
677 4498 764 4567 18888
785 4502 816 4577 18
832 4522 952 4586 quaque
968 4499 1197 4586 complexione?
1220 4500 1297 4566 Ocn-
