3030 5294
497 309 911 382 Psonnconnnn.
1157 336 1160 340 ·
1214 332 1278 377 xxv
1327 295 1329 299 ’

133 513 189 592 sol,
211 512 338 578 fuerunt
360 521 462 578 tamen
486 537 532 579 ex.
556 538 601 599 gr.
624 516 801 595 Ἀριστείδης
822 517 1050 598 όΛυσιαόχου,
1068 518 1220 604 suerunt)
1236 557 1277 571 ···

132 616 223 685 αὗται
253 619 302 684 τόν
331 618 377 684 cisi
409 619 509 700 ρἠρόνον
537 620 579 686 τόν
609 620 809 702 Φοβεριότατα
839 621 1011 702 πόσχουσαι
1035 626 1086 688 οὐκ
1112 623 1276 701 θνίνανται,

132 722 236 796 ἄλλοις
266 724 503 804 παραδείγματα
526 763 568 774 -
592 727 733 804 θεόματα
764 727 976 806 νουθετήματα.
1008 728 1096 794 ἐνιότε
1129 729 1235 794 εἰσιδὼν
1261 729 1277 794 ό

132 830 273 906 δικαστής
289 830 403 901 δικαίως
419 829 600 908 βόβιωκυῑαν
612 831 792 918 plerumque
803 832 930 916 ίδιιότου,
949 833 1087 921 μάλιστα
1098 834 1276 916 φιλοσόφου,

132 937 174 1008 εἰς
196 936 335 1018 μακοίρων
359 936 458 1011 νήσους
481 935 648 1018 ἀπέπεμψε
671 974 715 990 -·
739 940 804 1003 526
829 938 867 1005 Ι).

487 1160 645 1227 'CAPUT
668 1161 842 1232 VII-sau
868 1164 903 1230 n.

187 1332 326 1399 Socrates
349 1340 523 1414 παρακαλεῖ
540 1335 607 1407 τοὺς
629 1330 739 1408 ἄλλους
762 1333 879 1408 πιόντας
902 1335 1062 1416 ἀνθρώπους
1087 1342 1118 1399 et
1143 1336 1223 1400 όντι·

299 1432 472 1520 παρακαλεῖ
491 1436 648 1504 Calliclem
672 1438 711 1503 ad
733 1439 783 1505 τόν
805 1441 834 1505 ἐν
857 1440 1022 1523 Φιλοσοφία
1042 1439 1114 1516 βίον.
1142 1532 1145 1539 Ι

182 1608 274 1690 Quod
290 1616 455 1694 postquam
469 1608 544 1674 iecit
558 1609 697 1675 Socrates
713 1611 757 1674 sic
773 1612 890 1695 pergit:
910 1609 1031 1692 ὀνειδίζω
1050 1606 1094 1676 σὀι
1109 1608 1278 1696 (Callicli),

136 1711 182 1780 ότι
205 1717 263 1796 οὐχ
285 1710 340 1785 υίός
362 1714 390 1780 τ’
413 1714 471 1781 ἔσει
491 1717 592 1798 σαυτῷ
610 1715 771 1794 βοηθῆσαι,
791 1714 862 1782 όταν
884 1719 902 1793 ή
921 1715 984 1794 δίκη
1003 1739 1045 1782 σοι
1064 1713 1102 1798 ᾖ,
1121 1716 1207 1782 ailad
1218 1709 1279 1795 ὲ,

134 1820 253 1886 ε’πειδοίν
274 1844 326 1886 σου
346 1820 561 1899 ἐπιλαβόμενος
584 1823 599 1884 ό
621 1821 732 1893 Λίακδς
755 1821 818 1904 θηη
839 1859 902 1898 -‚
924 1846 959 1886 σε
983 1819 1050 1894 ἴσως
1069 1823 1213 1897 τυπτήσει
1231 1845 1277 1894 τις

136 1926 186 1992 ἐπὶ
201 1927 299 2009 κόρρης
316 1929 393 2010 (486
410 1925 438 1992 Β
453 1924 508 2012 Ο);
524 1927 610 1991 —si
626 1925 751 2012 quidem
766 1927 910 2005 -μόνος
931 1923 1011 2000 οὗτος
1031 1931 1134 2008 ήρεμεῖ
1146 1929 1160 1994 ό
1171 1925 1276 2005 λόγος,
1399 1939 1401 1944 ’

50 2038 56 2046 ’
137 2037 176 2106 ὦς
198 2032 378 2111 εὐλαβητέον
400 2033 434 2098 τό
455 2032 564 2099 σίδικείν
581 2027 704 2110 Ιριθολλον
718 2039 770 2098 τοῦ
785 2026 944 2098 οίδικεῖσθαι
961 2035 1037 2118 (cap.
1054 2032 1081 2097 I.
1098 2031 1178 2097 Seot.
1195 2030 1233 2096 II
1247 2039 1278 2098 et

136 2160 204 2224 cap.
217 2137 277 2203 HI.
303 2140 321 2226 q
341 2139 391 2226 1),
408 2136 460 2203 Ικαί
479 2139 589 2212 παντός
610 2141 728 2215 μαλλον
742 2137 821 2217 οἷνδρδ
836 2138 1012 2214 μελετητέον
1022 2121 1060 2203 Ιτό
1075 2138 1188 2217 σίγαθόν
1203 2133 1276 2205 εἶναι

136 2245 189 2311 καί
211 2245 269 2328 tata
287 2244 337 2310 καί
352 2244 493 2327 δημοσία·
516 2243 643 2326 δεύτερον
662 2243 775 2322 acuatu
791 2244 826 2310 τό
840 2245 994 2323 γίγνεσθαι
1010 2244 1123 2310 διδόντα
1138 2244 1232 2320 δίκην,
1248 2244 1276 2308 si
1349 2284 1353 2293 ·

138 2350 209 2436 quis
230 2350 362 2433 οέδικήτη·
383 2359 420 2432 τη
445 2353 572 2432 ῥητορική
593 2345 736 2431 χρηστέον
758 2347 806 2414 ἐπὶ
828 2347 862 2415 τό
885 2348 990 2415 δίκαιον
1011 2349 1059 2416 ἀεὶ
1078 2349 1128 2415 καὶ
1143 2360 1181 2432 πή
1196 2347 1277 2434 σ’ίλλη

83 2444 86 2453 ’
138 2454 222 2538 πόση
238 2453 352 2536 πρήξει.
372 2491 418 2506 -
434 2453 624 2532 οὶκολοόθησον
639 2455 762 2535 ἐνταῦθ’,
773 2448 803 2520 ol
813 2455 991 2536 ἀφικόμενος
1001 2455 1215 2534 εὐδαιμονήσεις
1226 2455 1277 2521 καί

138 2559 194 2642 ζων
224 2559 274 2626 καί
304 2560 506 2638 τελευτήσας,
529 2597 574 2610 -
596 2556 687 2639 θόρρει
710 2561 762 2633 τήν
786 2559 891 2639 σ’ίτιμον
913 2561 1025 2636 ταύτην
1047 2560 1178 2640 πληγήν·
1200 2560 1278 2627 οὐδὲν

139 2667 201 2747 yolo
223 2667 431 2742 δεινόνπείσει,
447 2666 499 2732 ἔδον
512 2667 553 2746 τῷ
569 2665 627 2731 όντι
641 2663 674 2748 pis
691 2665 782 2739 καλός
796 2667 929 2745 κόγαθός
943 2669 1039 2732 ασκῶν
1054 2667 1169 2748 ἀρετήν’
1185 2688 1277 2752 quam

138 2773 325 2849 οἱσκήσαντες
342 2771 481 2867 μόθωνα]
515 2771 708 2850 ε’πιθησόμεθα
737 2779 798 2844 τοῖς
829 2779 997 2844 πολιτικοῖς.
1029 2771 1199 2837 secundum
1229 2772 1285 2838 τόν

46 2888 49 2899 “
138 2877 228 2955 λόγον
257 2878 340 2944 enim
370 2873 451 2951 οὗτος
473 2878 489 2944 ό
510 2875 614 2957 τρόπος
636 2877 751 2958 ἄριστος
769 2881 823 2957 τοῦ
846 2877 931 2956 βίον,
955 2880 1008 2954 τήν
1029 2877 1206 2954 δικαιοσύνην
1228 2878 1278 2944 καί

139 2985 193 3059 τήν
223 2983 320 3060 θλλην
351 2985 455 3064 οθρεπήν
481 2983 646 3054 ἀσκοῦντας
669 2983 719 3048 καὶ
743 2982 794 3062 ζήν
817 2984 867 3048 καὶ
890 2982 1033 3050 τεθνοίναι·
1057 2985 1148 3064 τοότιρ
1169 2978 1217 3049 οὖν
1237 2985 1279 3066 τῷ

140 3090 221 3170 λόγῳ
250 3089 388 3168 ἑπόμεθα
420 3127 479 3165 -·‚
510 3088 554 3166 μή
583 3087 696 3169 ἐκείνῳ,
725 3082 747 3170 ᾧ
778 3089 816 3154 σὺ
842 3091 985 3155 πιστεύων
1008 3090 1060 3167 ἐμὲ
1082 3095 1278 3168 παρακαλεῖς·

141 3194 203 3262 ἔστι
225 3195 286 3277 γὰρ
307 3193 417 3266 οὐδενός
440 3191 538 3272 ἄξιος,
562 3189 583 3256 ὦ
605 3193 795 3266 Καλλίκλεις,

609 3381 805 3394 m

440 3528 631 3594 concino
666 3484 981 3594 aeconomum.

191 3701 280 3766 Nihil
304 3700 460 3765 difficilius
484 3723 574 3787 quam
600 3701 731 3785 Gorgiae
754 3709 966 3786 argumentum
990 3701 1054 3764 sive
1077 3699 1180 3765 thema
1196 3699 1279 3784 quod

145 3807 253 3872 dicunt
285 3808 389 3893 paucis
420 3816 451 3870 et
486 3807 630 3871 dilucidis
660 3805 759 3871 verbis
785 3806 956 3890 complecti.
1000 3806 1096 3872 Multi
1118 3807 1175 3872 viri
1197 3805 1281 3870 docti
1353 3876 1357 3891 x

19 3991 28 4009 κ
145 3913 295 3998 imprimis
319 3913 402 3998 apud
428 3913 596 3978 Germanos
620 3913 653 3977 in
677 3913 733 3976 hao
756 3934 789 3976 ra
813 3911 1008 3976 elaborarunt
1032 3920 1062 3976 et
1078 3933 1134 3975 suo
1150 3912 1280 3998 quisque

145 4020 237 4085 modo
261 4020 363 4084 thema
386 4020 541 4107 quoddam
558 4018 673 4104 dialogi
689 4017 904 4095 defenderunt,
921 4017 974 4080 sed
990 4005 1153 4100 vulgoaut
1169 4019 1282 4102 partim

147 4133 268 4190 tantum
283 4135 337 4191 aut
353 4135 414 4190 tam
432 4126 597 4210 generatim
618 4134 649 4189 et
668 4125 827 4189 indefinito
845 4123 878 4188 id
894 4123 1136 4208 descripserunt,
1150 4130 1186 4186 ut
1201 4122 1283 4207 ipsas

116 4287 121 4296 .
146 4253 212 4309 res,
233 4231 270 4295 de
292 4231 404 4315 quibus
425 4232 585 4316 primariae
604 4231 797 4314 quaestiones
810 4228 969 4307 habentur,
986 4250 1074 4294 nemo
1086 4227 1173 4292 facile
1185 4251 1222 4292 ex
1234 4250 1284 4292 eo-

148 4357 217 4401 rum
241 4337 446 4422 descriptione
465 4344 566 4401 mente
587 4337 750 4401 informare
766 4337 879 4420 possit,
897 4334 1009 4399 nedum
1021 4334 1201 4399 nominatim
1214 4356 1282 4420 pro·

147 4441 222 4506 ferre
244 4454 275 4506 et
299 4442 413 4527 eloqui.
449 4441 548 4505 'lanta
570 4453 674 4506 autem
698 4442 731 4505 in
755 4440 813 4505 hoc
830 4440 953 4525 dialogo
968 4461 1069 4504 rerum
1085 4441 1234 4525 estoopia
1250 4448 1282 4504 et

148 4547 292 4624 varietas,
312 4557 375 4612 tam
395 4545 519 4611 subtilis
539 4547 763 4632 argumentatio
782 4545 938 4611 Socratica
960 4553 991 4609 et
1013 4544 1171 4629 ingeniosa
1185 4545 1284 4609 diver·

1125 4666 1159 4708 1v
