3030 5294
182 982 210 1103 n

655 309 908 381 GORGIAS.
1294 315 1335 379 89

210 507 265 575 καί
288 509 443 589 μαγείρους
465 508 559 588 λίνων
581 511 630 576 κοιλ
653 512 765 593 ίατροὺς
787 513 862 578 οὐδὲν
884 513 990 589 παύει,
1017 517 1054 588 ὣς
1075 514 1137 597 σερί
1152 515 1338 590 τούτωνὴμῖν

214 611 285 680 ὄντα
306 615 355 681 τὸν
376 615 472 691 λίνον.
496 652 541 665 -
563 626 635 683 ΣΩ.
659 619 769 683 Οὐκοῦν
793 618 830 683 σὺ
850 620 939 701 ε’ρείς;
962 618 1053 701 [περὶ]
1074 621 1156 686 τίνων
1174 621 1188 687 ί
1207 619 1339 697 κρείττων

214 743 249 784 τε
278 718 328 783 καί
360 720 564 803 φρονιμώτερος
594 720 680 786 πλέον
703 721 779 802 ἔχων
801 721 914 795 δικαίως
937 738 1090 790 τλεονεκτε

216 822 432 902 ὑποβάλλοντες
455 823 548 902 οίνέξει
572 825 633 891 οὖν)
656 827 743 896 αὐτὸς
766 829 853 907 ἐρεῖς,
878 866 922 876 -
944 838 1038 896 ΚΑΛ.
1062 829 1149 895 Ἀλλ’
1172 828 1268 907 ἔγωγε
1291 827 1347 893 καί

215 929 312 995 τοίλαι
334 930 423 1004 λίνω.
447 936 555 1011 πρῶτον
577 930 630 1008 μὲν
652 932 719 1004 τοὺς
741 933 902 1011 κρείττους,
933 930 967 998 ὀί
983 934 1070 1010 εἰσιν,
1095 932 1339 1025 οὐσκυτοτίμους

215 1033 295 1112 λέγω
324 1035 386 1100 οὐδὲ
415 1035 589 1115 μαγείρους,
619 1034 688 1101 ἀλλ’
720 1031 745 1100 σί
772 1034 809 1101 ίον
832 1037 872 1110 είς
895 1038 935 1102 τοί
959 1047 1011 1112 τῆς
1034 1039 1145 1106 πόλεως
1169 1035 1341 1117 epatium

215 1139 344 1221 Φρίνιμοι
371 1133 452 1215 ὦσιν,
474 1137 555 1205 ὅντιν’
577 1139 615 1205 ev
636 1139 738 1221 τρίτον
760 1136 792 1207 εὖ
815 1144 935 1219 οἰκοῖτο,
958 1142 1007 1207 καί
1031 1143 1072 1221 μίν
1092 1141 1175 1220 μόνον
1194 1142 1339 1223 Φρίνιμοι,

215 1245 301 1312 οίλλίο
322 1245 371 1311 καί
393 1245 526 1326 ἀνδρεῖοι,
544 1245 633 1311 ἱκανοί
655 1245 733 1319 ὄντες
755 1243 792 1312 ἂν
815 1248 947 1322 νοήσωσιν
969 1250 1112 1313 ἐπιτελεῖν
1121 1297 1134 1331 „
1149 1246 1200 1312 καί·
1213 1249 1257 1326 μίν,
1268 1247 1338 1313 νίσο-

216 1350 346 1430 ιυίμνωσι
368 1350 416 1416 ίιίι
436 1351 590 1430 μαλακίαν
611 1357 724 1432 ψυχῆς.
1403 1414 1406 1419 .

260 1455 372 1523 XLVL
399 1462 472 1523 ΣΩ.
503 1459 611 1540 Ὁρᾷς,
642 1452 825 1535 ὦβίλτιστε
848 1457 1043 1534 Καλλίκλεις,
1067 1459 1103 1528 ὦς
1126 1458 1157 1522 οὐ
1180 1456 1279 1522 ταύτοὶ
1303 1454 1339 1519 σεί

167 1624 170 1630 .
215 1562 244 1628 τ’
259 1563 344 1638 ,ἐμοῦ
373 1569 543 1642 κατηγορεῖς
572 1563 656 1638 κοίγὼ
686 1568 754 1640 τοῦς
787 1563 824 1628 σὺ
854 1563 906 1639 μὲν
929 1562 989 1643 γὰρ
1012 1562 1065 1639 ἐμὲ
1086 1562 1146 1645 <aia
1168 1559 1214 1625 οίεί
1239 1560 1338 1624 ταύτοὶ

251 1783 297 1833 491
308 1781 332 1832 A
344 1786 402 1853 ίρεῖς
413 1780 677 1852 sapientissimum]
697 1779 757 1832 Ter·
837 1811 868 1821 -
886 1783 909 1833 Β
923 1787 960 1836 καί
967 1789 1001 1849 μὴ
1008 1782 1164 1848 eracleae]
1182 1778 1342 1829 Constructio

216 1847 283 1901 tium
302 1847 351 1899 hoc
368 1849 453 1898 ecdem
468 1848 560 1915 pagina
576 1846 758 1913 ejusdemmodi
805 1846 931 1898 claudicat
947 1854 972 1898 et
985 1849 1141 1899 vacillantem
1151 1845 1235 1895 reddit
1246 1849 1342 1894 senten·

216 1914 387 1982 corruptionis
395 1914 545 1980 exemplum.
554 1912 758 1982 Defenduntnspi
804 1914 874 1964 tiam
898 1915 965 1965 Num
981 1915 1048 1964 unde
1063 1913 1155 1980 pendet·
1169 1910 1342 1976 conjunctivus

216 1985 282 2037 τίνειν
303 1981 436 2058 opinantes
459 1995 506 2047 pro
528 1983 582 2050 περί
603 1983 654 2033 τίνει
671 1979 757 2031 haberi
804 1984 966 2058 είιιοκοίρενρσεί
987 1980 1028 2029 Ab
1045 1983 1066 2033 σί
1082 1985 1110 2031 ἂν
1124 1977 1272 2092 respondere
1290 1990 1342 2024 om·
1390 1991 1392 1993 ·

216 2045 757 2176 ttffttsttdtttttutimttu
805 2044 1342 2171 i30⁵⁰3¹it5⁰ffoiiiuffiffiu⁶⁰m¹ii⁸ffi

216 2179 293 2231 modo
310 2178 420 2229 diximus
432 2177 465 2228 ad
476 2176 565 2227 4901).
583 2176 757 2226 Atmittamus
804 2177 893 2234 ίυείνοῖ,
911 2177 957 2228 tali
973 2193 1002 2228 ao
1018 2177 1055 2227 sic
1065 2175 1343 2240 longavetborumcon·

216 2244 381 2308 hasnugaeu
405 2243 432 2294 in
456 2243 497 2293 his
520 2241 599 2302 enim,
616 2242 638 2291 si
654 2241 758 2292 inullis
805 2242 946 2294 tinuatione
969 2243 1129 2309 interposita,
1152 2240 1193 2290 uti
1213 2239 1256 2288 hic
1278 2239 1344 2289 inter

215 2309 273 2363 aliis
297 2311 384 2368 rebus,
409 2308 550 2361 conandum
570 2307 758 2373 assequentem
806 2313 1080 2375 eiectamenta.
1106 2307 1172 2358 uum
1189 2305 1252 2371 quid
1268 2309 1343 2364 est,a

190 2396 195 2404 ·
216 2381 272 2447 περί
288 2386 330 2428 τῶν
346 2379 426 2429 αὐτῶν.
455 2373 534 2436 uuor
550 2374 648 2424 nonita
658 2373 758 2423 difficile
805 2390 856 2490 ppo
872 2374 986 2425 faciendo
1003 2379 1033 2424 ut
1046 2390 1078 2424 ne
1088 2371 1209 2424 desistent
1219 2370 1344 2434 significat

217 2449 269 2495 est:
287 2441 440 2493 cousuetudo
457 2440 557 2491 dicendi
574 2439 608 2489 sit
623 2438 699 2489 modo
713 2455 757 2489 no·
827 2440 921 2492 allicias
937 2457 1000 2506 quos
1017 2455 1084 2490 nunc
1100 2441 1150 2496 τοῖς
1167 2440 1281 2507 κρείττους
1291 2452 1344 2487 esse
1391 2448 1395 2456 ·

218 2506 258 2559 bie
280 2507 370 2559 unione
391 2507 489 2559 critices
510 2504 575 2557 fone.
606 2504 675 2555 Fieri
691 2505 757 2555 enim
805 2506 887 2557 dicit?
915 2506 970 2570 Ego
996 2507 1104 2555 arbitror
1128 2503 1210 2554 solum
1235 2505 1345 2554 ίπιτιλεῖν

218 2589 271 2625 non
286 2577 385 2640 potest,
405 2578 437 2623 ut
452 2573 556 2624 uerbum
572 2570 700 2637 quoddam
715 2587 757 2620 ex-
805 2572 845 2623 vel
865 2573 951 2639 potius
973 2575 1124 2630 ίπετελεΰκτες
1146 2568 1295 2635 cogitatione
1311 2569 1344 2618 ad

218 2655 333 2707 pressum
347 2653 394 2705 pro
404 2638 454 2689 aiio
464 2638 574 2703 quodam
581 2651 756 2704 nonexpresse
805 2644 951 2704 είιιεκάρενωεε
964 2639 1043 2704 repeti
1051 2653 1135 2705 possa,
1144 2634 1343 2701 itautiliiseuie

252 2705 331 2755 situm
342 2705 383 2754 sit.
399 2704 459 2756 Jam
470 2705 492 2753 si
503 2703 552 2753 loci
564 2706 756 2761 sensumosten·
805 2709 843 2757 καί
858 2706 954 2776 οίεδρείοε
968 2731 1001 2743 -
1017 2707 1054 2756 διὰ
1066 2707 1179 2770 μαλακίαν
1194 2701 1344 2778 pexis-hm

237 2772 345 2830 erimus,
373 2770 519 2838 apparebit,
547 2768 611 2835 quid
635 2768 684 2818 scri
702 2772 758 2817 tum
805 2771 927 2833 sententia
936 2768 1343 2836 exprimaturzaedetecmsortee,

217 2834 295 2897 fuerit
316 2853 331 2886 s
352 2836 464 2886 Platone.
491 2836 626 2901 Postquam
644 2785 758 2899 Gulfficles
805 2834 923 2915 ρκῖμρίί
940 2836 992 2886 sint
1009 2837 1044 2885 od
1059 2852 1091 2885 eo
1105 2832 1264 2900 perficiendo
1280 2847 1344 2897 quoe

218 2902 318 2966 negavit
333 2906 371 2955 τίν
385 2905 471 2969 βελτίω
487 2905 552 2953 πλέον
568 2903 613 2953 δεῖν
630 2905 689 2967 ἔχειν
702 2905 757 2950 tum
806 2901 1017 2965 εωοορνίοοεσίκί,
1043 2907 1067 2951 εί
1089 2899 1133 2965 qui
1156 2915 1204 2948 κου
1220 2898 1345 2947 demetunt

218 2966 334 3021 εετίωνόί
351 2980 425 3019 ποτῶν
458 2984 520 3017 uum
537 2970 634 3032 ἱματίων
651 2966 757 3030 reliquu-
806 2969 893 3082 {abiis
901 2964 1345 3081 peficicadiwopteronimimol·

218 3048 325 3099 rumque
340 3049 422 3083 rerum
459 3033 532 3083 'serta
549 3034 678 3082 aSocrate
689 3032 757 3092 dein·
816 3033 896 3082 ίίῖοαι.
913 3032 968 3094 Qui
980 3048 1066 3083 sensus
1110 3029 1346 3097 gitatpertioipium

218 3115 277 3176 ceps
294 3103 506 3158 enumeratorum,
528 3099 640 3150 Socrates
657 3097 757 3146 taudem
805 3102 985 3164 ἀποκείρεοντες,
1009 3099 1037 3148 in
1058 3098 1143 3147 cadem
1160 3095 1346 3145 oonstmcticne

217 3181 317 3215 minans
341 3181 398 3215 eum
423 3164 506 3229 cogit,
533 3168 564 3215 ut
590 3165 644 3230 ipse
667 3163 759 3213 diserte
806 3180 864 3214 cum
876 3169 944 3217 ίκεενοί
955 3166 1016 3222 ὄντες
1024 3164 1144 3229 positum.
1161 3160 1228 3210 Vide
1239 3160 1306 3211 dicta
1314 3162 1345 3211 ad

218 3231 331 3280 nominet
344 3247 383 3280 ree
398 3230 643 3296 εἐνιιλεονεκτητίοντῷ
651 3231 756 3298 βελτίονι.
808 3233 855 3279 468
864 3230 929 3289 D,et
938 3225 1219 3286 of.Xei.Hen.1.e,21.
1232 3226 1346 3276 Callicles

219 3295 298 3357 Quod
314 3312 389 3360 egens
406 3297 520 3347 Socrates
535 3298 564 3347 in
580 3297 628 3344 hoc
642 3296 697 3344 ioco
708 3310 759 3344 non
806 3295 832 3345 in
843 3292 1197 3362 Gendemrepetithisverbis:
1206 3289 1347 3362 ’λλλέῖρηκοί

219 3367 303 3429 potest
325 3377 441 3427 quaerere
463 3367 517 3432 περὶ
537 3367 601 3427 τίνοι,
619 3377 651 3411 ne
667 3361 759 3411 iteum
807 3359 829 3426 γ’
844 3367 913 3428 lyam
929 3362 992 3425 (τοὺς
1008 3365 1111 3429 βελτίους
1126 3380 1152 3410 τε
1169 3362 1206 3410 καί
1223 3362 1346 3426 κρείττους)

218 3428 274 3492 vagi
308 3427 395 3477 uidet
411 3428 522 3492 ambigui
538 3427 759 3493 responderepos·
807 3431 858 3486 ταῖς
881 3431 999 3498 φρονίμους
1016 3432 1046 3486 τίς
1063 3433 1094 3478 τὰ
1110 3436 1151 3484 τῆς
1167 3427 1253 3482 πόλεως
1269 3431 1347 3495 πράγ-

219 3492 253 3547 eit
270 3444 398 3544 cimolos:
422 3509 502 3558 neque
516 3499 570 3564 περί
586 3497 661 3557 τίνων,
680 3493 755 3558 quie,
807 3516 876 3558 ματα
901 3500 939 3547 καί
963 3496 1081 3563 ἀνδρείως.
1111 3491 1155 3540 ubi
1177 3499 1274 3557 praeter
1296 3490 1348 3540 duo

208 3559 263 3609 'ubi
280 3564 334 3630 περί
349 3560 389 3611 vel
405 3565 466 3612 κατὰ
482 3576 539 3610 cum
553 3560 696 3610 accusativo
708 3573 759 3608 non
808 3564 927 3638 ρρονίρευς
943 3565 969 3610 et
984 3562 1096 3636 ἀνδρείους
1112 3573 1169 3607 oum
1186 3573 1238 3605 non
1254 3556 1289 3605 sit
1299 3560 1347 3606 ter·

219 3626 760 3689 congruitsententiee,aolaunecoustruc·
808 3632 888 3685 tium,
913 3631 1016 3693 apparat
1037 3631 1111 3675 et1am
1129 3623 1190 3672 hinc
1206 3623 1291 3672 omnia
1306 3638 1347 3679 ea,
1412 3646 1418 3658 ·

220 3691 257 3740 tio
282 3691 351 3742 verbi
375 3695 511 3743 πλεονεκτεῖν
534 3707 591 3740 cum
614 3691 724 3755 genitivo
746 3706 761 3740 a
809 3708 872 3759 quoe
893 3698 952 3759 post
973 3695 1031 3743 ἀλλὰ
1053 3694 1090 3742 καί
1106 3691 1202 3760 ἀνδρεῖοι
1217 3689 1348 3753 leguntur,

219 3757 325 3807 Plutone
347 3763 491 3823 usurpatur.
522 3757 592 3807 Haec
613 3772 665 3806 uon
680 3761 760 3807 atten-
810 3758 980 3825 superioribus
992 3757 1137 3808 illustrandi
1145 3742 1348 3806 ceusaaccedefe.

221 3823 307 3872 dentes
324 3824 418 3873 scribas
431 3838 511 3887 neque
519 3824 581 3872 bene
589 3827 700 3872 tenentes
710 3821 761 3872 for·
810 3824 897 3889 Hujus
912 3824 1008 3889 generis
1024 3822 1126 3873 mendas
1142 3823 1227 3888 plures
1240 3820 1349 3870 indicavi

221 3889 316 3938 mulam
340 3888 461 3939 minentis
486 3891 524 3939 οὐκ
546 3893 619 3956 ίρείςς
637 3904 651 3937 a
667 3887 763 3953 reliqua
810 3891 838 3940 in
856 3890 989 3956 Apologiae
1006 3890 1075 3938 Socr.
1092 3887 1201 3938 editione
1218 3903 1275 3953 pag.
1293 3891 1307 3936 5
1324 3892 1349 3938 et

221 3955 407 4015 constructione
413 3954 598 4018 sejungendsm,
604 3955 765 4019 inseruerunt
814 3959 857 4013 15,
874 3960 899 4006 et
909 3957 937 4005 in
947 3956 1028 4004 Arist,
1039 3955 1113 4020 Vesp.
1123 3969 1179 4019 pag.
1191 3957 1244 4002 145.
1259 3981 1292 3991 —
1302 3953 1348 4002 Su·

221 4021 296 4084 etiem
314 4021 356 4070 hic
372 4025 440 4090 περί,
457 4021 561 4070 verbum
578 4022 648 4083 λέγειν
662 4020 701 4069 vel
717 4034 762 4086 po·
810 4026 893 4088 penest
920 4026 950 4070 ut
977 4021 1008 4071 de
1036 4025 1078 4085 ίγὼ
1103 4021 1127 4070 δὲ
1152 4024 1191 4070 τοῦ
1214 4021 1346 4083 τούναντίου,
1400 4057 1403 4063 ,

221 4087 273 4137 tius
297 4087 361 4136 illud
386 4094 446 4157 ίρεῖς
466 4085 677 4154 praepositionem
693 4085 763 4134 illam
811 4103 875 4152 quae
890 4088 966 4152 paulo
983 4085 1087 4137 inferius
1103 4085 1228 4148 leguntur,
1243 4085 1350 4134 breviter

221 4153 348 4216 postulare
370 4155 427 4202 rati.
455 4153 529 4202 Pisto
553 4151 631 4214 igitur
651 4151 763 4217 scripsit:
811 4153 902 4202 dicem.
913 4153 1045 4217 Nusquam
1053 4151 1081 4200 in
1090 4150 1346 4216 hujusformaeenuu·

221 4219 308 4273 οὖνοῦν
317 4222 343 4270 οὐ
351 4223 424 4288 ίρείςς
434 4222 496 4271 τίνειν
505 4221 517 4269 ὸ
526 4218 765 4288 κρείττων-δικαίως
812 4217 929 4268 ciatione:
941 4247 971 4255 -
980 4223 1021 4284 μἐν
1029 4223 1075 4286 γὰρ
1081 4245 1123 4281 -,
1137 4217 1161 4267 δὲ
1168 4244 1208 4265 -.
1219 4216 1289 4266 eliud
1296 4233 1349 4267 ver·

221 4288 363 4352 πλεονεκτεῖς
384 4285 522 4335 Omisimus
534 4288 623 4352 capiet
633 4285 765 4350 posuimus
811 4285 872 4334 bum
891 4288 950 4350 post
966 4286 991 4335 ίί
1007 4284 1157 4347 cogitatione
1172 4283 1252 4349 repeti
1267 4288 1350 4349 potest

221 4351 321 4413 signum
340 4350 542 4415 interrogationis
558 4354 617 4416 post
634 4350 706 4421 ίρείς,
723 4349 763 4398 uti
811 4365 886 4415 quem
902 4350 943 4409 id,
960 4350 1029 4415 quod
1045 4349 1167 4414 scriptum
1185 4353 1223 4397 est
1236 4349 1262 4397 iu
1290 4349 1350 4398 riori

221 4415 248 4464 in
265 4415 375 4467 editione
391 4416 529 4467 Didotiena
545 4415 620 4465 etiem
636 4416 665 4465 in
680 4417 727 4465 489
739 4415 763 4464 Ε
809 4419 882 4482 parte
898 4421 955 4482 post
970 4423 1020 4481 μέν.
1042 4414 1134 4478 ltaque
1149 4414 1264 4464 codicum
1273 4366 1351 4464 Yectio

220 4481 346 4531 edendum
362 4483 519 4543 curavimus,
535 4497 567 4532 ue
578 4485 764 4547 soquensiapue
812 4501 838 4532 τε
853 4496 900 4548 pro
916 4486 955 4534 τοῦ
972 4497 1022 4531 non
1039 4479 1225 4530 contemnenda

221 4545 434 4599 memorationis
450 4549 485 4599 sit
501 4563 573 4619 onus.

1152 4632 1188 4687 12
