3030 5294
498 813 974 900 'retundendum

226 1421 299 1485 Duo
320 1420 463 1490 Platonis
480 1422 609 1488 maxime
632 1430 704 1487 sunt
729 1425 865 1507 propria,
886 1423 1012 1489 alterum
1028 1426 1304 1508 argumentationes

181 1525 405 1610 syllogisticae,
438 1525 568 1593 alterum
596 1528 761 1612 partioulae
788 1527 971 1596 dialecticae.
1018 1529 1303 1613 argumentationes

182 1630 220 1696 ad
242 1653 289 1697 res
313 1631 483 1716 pertinent,
507 1632 671 1716 particulae
693 1631 730 1697 ad
754 1633 989 1716 grammaticam.
1032 1632 1119 1713 Quae
1142 1644 1303 1718 quantum-

182 1758 302 1825 cunque
325 1735 465 1804 differant
487 1737 575 1804 interr
589 1759 635 1817 se,
658 1737 779 1805 illarum
802 1745 903 1803 tamen
926 1738 1030 1806 oritiea
1052 1733 1232 1805 examinatio
1252 1762 1305 1824 per

182 1863 213 1908 se
245 1841 283 1908 ad
306 1843 521 1909 accuratiorem
549 1842 654 1909 harum
681 1843 884 1928 oognitionem
911 1843 1007 1910 duoit.
1053 1846 1155 1927 Atque
1182 1845 1304 1909 omnino

183 1956 329 2032 utraeque
360 1948 398 2013 de
427 1947 579 2015 industria
601 1947 773 2032 exploratae
795 1971 904 2033 magno
926 1947 1063 2018 subsidio
1086 1972 1151 2014 esse
1175 1959 1302 2033 possunt

185 2053 419 2121 emendatiorem
442 2051 579 2119 Platonis
599 2052 762 2121 editionem
780 2054 906 2139 paranti.
931 2052 1024 2134 Quod
1040 2077 1108 2121 oum
1121 2056 1183 2139 jam
1200 2054 1302 2122 dedita

185 2181 275 2244 opera
297 2159 329 2223 iu
352 2180 414 2224 uuo
437 2166 467 2223 et
489 2157 586 2224 altero
607 2158 771 2243 specimine
793 2159 994 2236 ostenderim,
1012 2182 1093 2227 nuno
1109 2158 1302 2244 paucioribus

186 2262 340 2329 absolvere
378 2285 501 2348 possum
512 2310 523 2341 ,
561 2270 598 2327 ut
632 2285 723 2348 quam
759 2263 939 2333 emendandi
970 2265 1115 2331 rationem
1147 2265 1179 2329 in
1210 2264 1301 2349 hujus

187 2369 299 2454 dialogi
330 2369 463 2437 editione
494 2367 625 2456 perarida
654 2369 802 2454 imprimis
836 2377 958 2437 secutus
993 2371 1049 2437 sim
1081 2369 1303 2453 quodammodo

188 2475 328 2560 aperiam.
367 2473 415 2541 Ita
436 2482 536 2541 autem
559 2484 765 2558 comparatum
789 2484 835 2543 est
854 2475 911 2541 hoo
926 2497 1026 2553 rerum
1042 2497 1154 2560 genus,
1172 2484 1208 2539 ut
1222 2469 1303 2543 neoto

188 2580 296 2665 exponi
319 2588 349 2646 et
373 2577 493 2664 probari
516 2600 578 2643 non
601 2579 696 2663 possit
719 2580 784 2644 sino
807 2580 962 2664 exemplis.
986 2579 1120 2660 Quoties
1138 2579 1232 2664 igitur
1254 2603 1301 2645 res

184 2686 275 2764 teret,
286 2681 536 2753 ‘luoulentisaima
550 2684 697 2770 quaedam
713 2685 803 2751 serbo
820 2684 978 2762 indioebo,
995 2709 1071 2773 quae
1088 2686 1137 2751 oui
1154 2685 1203 2752 hio
1221 2709 1239 2751 a
1254 2708 1301 2752 me

184 2792 265 2856 diota
288 2792 387 2861 luoem
410 2789 581 2859 desiderare
602 2790 777 2868 videantur,
802 2800 859 2857 suo
881 2791 1025 2877 quodque
1048 2792 1114 2860 loon
1139 2799 1303 2876 peotraota·

185 2908 249 2962 tum
273 2896 413 2982 inspiciat
437 2919 520 2982 rogo.
1190 2926 1197 2935 ·

228 3001 341 3068 Gritioa
370 3001 462 3087 vulgo
494 3023 513 3064 a
543 3001 736 3084 grammatioa
758 3002 876 3087 sejungi
894 3023 958 3065 non
984 3023 1071 3084 poseo
1095 3000 1222 3067 videtur.
1262 2999 1306 3064 si-

81 3178 84 3188 ,
184 3108 246 3173 outi
277 3108 376 3185 euim,
409 3109 435 3173 si
467 3106 690 3190 simplioissima
721 3114 752 3174 et
783 3106 927 3177 taoillima
956 3128 1047 3191 opera
1069 3128 1115 3170 ex.
1140 3128 1181 3189 gr.
1206 3100 1246 3176 εἷς
1269 3104 1306 3168 ds

184 3211 373 3281 scribendum
406 3234 508 3278 oenses
540 3235 593 3298 pro
624 3213 710 3288 ἑκὼν,
734 3209 802 3290 ἅμα
825 3211 871 3277 sel
894 3213 964 3278 ἀλλ’
988 3208 1009 3277 ἃ
1033 3233 1087 3295 pro
1105 3210 1205 3292 daed,
1229 3209 1306 3274 nihil

186 3320 357 3404 argumenti
388 3319 485 3385 inesse
520 3325 619 3402 potest
653 3318 685 3384 in
718 3317 785 3404 ipsa
810 3317 966 3385 literarum
1001 3314 1217 3393 similitudine,
1253 3314 1305 3378 eod

185 3447 220 3489 ex
256 3434 320 3492 tota
352 3424 495 3491 orationis
529 3423 605 3489 serie
636 3431 666 3488 et
699 3423 815 3491 Graeoa
842 3423 980 3491 diutione·
1001 3428 1211 3506 argumentum
1239 3442 1305 3506 pro·

185 3532 248 3595 dire
282 3529 388 3608 debet,
423 3551 485 3615 quo
518 3528 587 3595 telis
621 3528 791 3596 emendatio
824 3528 1020 3597 confirmetur
1041 3529 1085 3613 1),
1120 3526 1164 3592 sio
1198 3525 1305 3603 etiam,

219 3771 243 3834 1)
269 3766 425 3835 Hujusmodi
448 3772 487 3819 ast
508 3767 536 3817 in
560 3766 630 3832 quod
653 3766 695 3817 his
718 3766 806 3818 datm
827 3753 921 3826 luridi,
943 3765 1010 3818 Phil
1033 3767 1065 3814 34
1088 3764 1111 3816 ,0
1132 3774 1301 3817 rnarrusmss

187 3857 257 3920 We
272 3853 348 3912 ἡδωὴν
363 3854 434 3922 nepte
451 3859 557 3917 σώματος
572 3849 590 3900 i.
607 3865 628 3899 θ.
644 3847 670 3900 b'
683 3852 753 3909 αὐτῆς
767 3858 808 3909 τῆς
825 3855 849 3916 p.
862 3851 909 3903 mr.
941 3847 1021 3901 Semel
1036 3850 1071 3899 dau
1082 3845 1160 3905 lecto,
1172 3846 1266 3897 sonibus
1277 3861 1307 3896 ex

109 3993 113 4000 Ι
185 3934 253 3985 inani
268 3954 323 3992 om
338 3932 451 3983 feosrunt
466 3939 513 3999 μὴ,
533 3947 580 4001 pro
596 3946 647 3997 quo
663 3930 746 3982 oritioi
763 3935 808 3983 aut
824 3949 856 4000 πῃ
872 3935 917 3981 aut
933 3930 974 3989 ἤδη
991 3935 1035 3981 aut
1052 3930 1078 3992 δὴ
1094 3927 1210 3996 deinceps
1224 3925 1306 3976 defeu-

186 4016 260 4066 dunt:
278 4013 368 4065 dmnde
383 4029 414 4064 ex
430 4013 538 4065 ssounda
555 4012 650 4079 syllaba
665 4023 707 4073 τῆς
721 4011 818 4064 laetum
834 4019 874 4072 τὴν
883 4011 976 4078 ‚qnod
995 4015 1130 4075 utrumqne
1146 4013 1229 4058 tamen
1245 4023 1307 4057 non·

187 4098 250 4149 nulli
266 4096 364 4147 oodioes
379 4096 478 4148 habent.
498 4095 546 4145 ltst
562 4099 645 4145 autem
661 4095 730 4145 illud
744 4097 810 4153 αὐτὸς
826 4097 840 4146 t
854 4109 905 4144 nna
919 4109 977 4145 oum
994 4093 1030 4142 sio
1045 4091 1129 4158 posito
1147 4095 1217 4161 χωρὶς
1233 4089 1308 4140 initio

121 4180 123 4185 '
187 4181 264 4247 hujus
285 4182 350 4245 tepea
368 4183 394 4230 et
409 4178 516 4231 rsourrit
532 4178 559 4228 in
575 4193 604 4229 eo
620 4178 719 4242 quoties
735 4177 819 4231 sedem
836 4180 952 4230 aooureta
968 4175 1047 4226 diotio
1059 4173 1192 4239 flugitatrsr.
1210 4172 1307 4238 Hujus-

189 4261 257 4314 modi
278 4261 356 4326 igitur
377 4259 518 4311 emendatio
543 4276 572 4312 ex
596 4260 688 4310 talibus
709 4259 821 4324 vestigiis
843 4259 948 4309 inventu
971 4257 1102 4309 faoillima:
1121 4255 1166 4304 ubi
1182 4270 1240 4305 vero
1257 4270 1307 4304 nun

190 4347 287 4394 tantum
302 4359 333 4394 na
349 4342 433 4393 littera
448 4340 551 4409 quidem
567 4341 688 4406 genuinae
704 4339 848 4408 seriptionis
866 4343 992 4406 superest,
1009 4337 1053 4389 sed
1068 4337 1131 4388 aliae
1146 4352 1250 4404 prorsus
1266 4336 1307 4386 lit·

192 4429 256 4490 urae
270 4429 296 4477 st
310 4439 383 4477 rosas
399 4423 427 4476 in
442 4423 571 4477 rodloibus
588 4423 695 4476 traditae
711 4426 786 4484 sunt,
803 4422 944 4474 emendatio
959 4426 998 4472 est
1013 4435 1089 4487 quam
1106 4418 1263 4470 diffloillima.
