3030 5294
173 327 238 372 m
534 305 941 374 auoauoonuns.
997 301 1001 308 ’
1038 282 1046 298 “

172 514 213 593 τῷ
243 512 373 592 ῥητορικῷ
403 510 527 592 ἐσομένῳ
553 519 585 576 et
613 509 694 592 ἔχειν
721 520 752 576 et
776 512 976 588 μιααίηιιέναι
1000 515 1312 600 accessissemus,

173 617 211 683 de
242 617 290 682 his
320 639 360 682 ne
391 615 516 683 uerbum
546 616 672 701 quidem
702 639 833 702 usquam
862 618 976 703 legitur
998 619 1031 683 in
1056 618 1180 704 Gorgia.
1227 619 1314 685 Nus·

172 747 266 810 quam
300 745 399 789 sermo
433 731 480 788 est
513 721 552 787 de
586 731 651 788 arte
683 724 817 789 oratoria
848 733 902 791 aut
932 723 971 790 de
1001 725 1159 810 republica
1182 725 1316 793 admini-

172 830 318 916 stranda·
333 828 401 894 -sed
419 828 548 914 -ubique
570 829 700 896 feliciter
721 828 860 906 vivendi,
892 835 943 896 τοῦ
965 832 1003 904 ὡς
1027 828 1136 912 οίρισσα
1158 832 1226 913 ζῆν,
1250 855 1316 900 una

172 945 219 1003 est
242 935 426 1022 praeceptio.

217 1043 287 1108 Jam
310 1041 415 1106 dedita
437 1063 530 1126 opera
552 1040 591 1106 de
606 1041 645 1107 iis
660 1040 833 1122 videamus,
849 1042 929 1109 circa
944 1064 1022 1126 quae
1038 1043 1137 1108 omnis
1152 1067 1314 1130 argumen-

51 1167 58 1183 ·
173 1150 249 1214 tatio
268 1149 396 1233 ipsaque
412 1147 623 1232 philosophica
642 1147 811 1232 disputatio
831 1156 978 1225 versatur,
995 1149 1033 1216 de
1044 1148 1136 1215 rebus
1148 1172 1224 1235 quas
1237 1152 1315 1238 hacc

173 1262 335 1341 praecepta
351 1261 507 1338 spectant,
526 1261 619 1338 atque
635 1276 685 1320 aaa
697 1254 881 1319 nominatim
893 1255 1036 1339 expedire
1048 1264 1203 1336 conemur,
1216 1258 1314 1344 idque

72 1400 75 1407 ·
113 1420 116 1424 .
173 1360 343 1427 secundum
359 1360 606 1446 syllogismorum
618 1361 763 1445 deinceps
774 1358 983 1427 adhibitorum
995 1369 1142 1428 tenorem.
1167 1361 1314 1430 llthlli·

172 1468 234 1534 oles
257 1477 288 1533 et
306 1466 435 1552 Gorgias
454 1475 485 1532 st
504 1467 599 1533 Polus
615 1466 852 1552 quibuscunque
868 1467 1003 1533 artificiis
1020 1474 1051 1533 et
1066 1471 1210 1552 argutiis,
1228 1471 1313 1538 inter

173 1594 250 1660 quas
273 1572 352 1638 illud
376 1576 408 1656 (a
430 1572 556 1638 Callicle
579 1575 745 1658 arreptum)
768 1573 936 1657 sophorum
957 1576 1161 1656 quorumdem
1180 1579 1214 1644 τὸ
1229 1579 1315 1645 κατὰ

171 1681 263 1764 φύσιν
286 1679 392 1744 δίκαιον
414 1678 464 1743 καί
487 1679 595 1757 καλόν,
617 1701 704 1744 uerae
728 1677 883 1744 felicitatis
900 1677 1016 1744 fontem
1033 1702 1099 1745 esse
1117 1684 1314 1750 contendunt

173 1784 343 1861 πλεονεξίαν
367 1786 411 1868 (ι-
433 1785 576 1867 tantan,
599 1786 778 1867 οίιαιιοισίοιν,
796 1786 908 1865 τρυφὴν
919 1785 1098 1872 reliquaque
1114 1789 1311 1874 hujusmodi,

73 1888 76 1895 ’
173 1901 204 1959 et
226 1913 379 1957 summum
402 1889 518 1955 bouum
542 1914 607 1957 ease
626 1897 770 1965 πλοῦτον,
787 1889 888 1967 δόξαν,
905 1893 1017 1972 cimba,
1034 1893 1154 1972 δύναμιν
1165 1895 1197 1959 id
1209 1918 1327 1981 genus·

173 1999 250 2074 alia,
275 1998 324 2062 his
348 2003 469 2062 utentes
492 1995 731 2082 hypothesibus:
756 1998 790 2061 σο
813 1997 903 2062 καλὸν
926 2001 1190 2079 conmenta,
1207 1991 1326 2086 acque

173 2105 206 2170 τὸ
226 2102 348 2185 αἰσχρὸν
360 2132 393 2161 =
408 2101 442 2167 τὸ
456 2102 546 2168 ιιοιιιίν
559 2103 667 2187 (474)ι
683 2102 717 2170 τὸ
737 2102 788 2178 ἡδὺ
800 2132 833 2161 ==
845 2103 991 2181 τοίναίίν,
1008 2111 1039 2167 et
1054 2104 1088 2171 ci
1102 2106 1214 2187 decupla
1229 2137 1263 2165 =
1273 2109 1312 2174 τὸ

173 2211 262 2278 κακόν
280 2211 384 2294 (495).
414 2207 552 2273 Socrates
567 2209 664 2293 igitur
681 2210 865 2294 hypotheses
880 2209 949 2274 illas
966 2218 996 2274 et
1013 2219 1114 2275 totum
1129 2213 1214 2278 istud
1229 2216 1315 2280 ιιινσέι

173 2317 263 2400 φύσιν
293 2315 398 2381 δίκαιον
423 2322 454 2378 et
477 2314 567 2379 sauia
591 2321 727 2380 evertens
750 2315 940 2381 demonstrat
963 2340 1041 2402 quae
1064 2318 1111 2382 illi
1134 2341 1189 2404 pro
1213 2320 1313 2384 virtu·

63 2473 71 2491 ,
173 2423 258 2489 tibus
289 2421 405 2486 habent
435 2441 500 2485 esse
531 2421 606 2497 sitia
636 2422 658 2488 i.
689 2444 714 2487 c.
747 2422 842 2501 mala,
873 2424 1003 2509 ideoque
1034 2425 1152 2490 nullam
1184 2448 1310 2509 prorsus
1391 2410 1401 2427 ⁶

172 2531 350 2595 felicitatem
381 2527 499 2592 homini
527 2527 632 2591 afferre
659 2549 765 2612 posse,
798 2534 829 2593 et
851 2550 931 2613 quae
953 2530 992 2594 ad
1015 2553 1170 2595 summum
1194 2531 1313 2597 bouum

173 2637 310 2702 referunt
334 2635 399 2698 sine
421 2641 516 2708 καλῆς
539 2633 664 2705 διανοίας
683 2633 801 2697 nullius
821 2656 885 2698 esse
901 2635 1001 2719 pretii.
1026 2634 1119 2717 Quod
1139 2644 1241 2702 autem
1257 2636 1313 2703 So-

57 2796 61 2809 2
174 2750 271 2807 crates
291 2740 362 2804 illos
383 2738 569 2822 redarguens
590 2739 654 2822 agit
672 2738 731 2804 hoc
749 2747 808 2804 cst:
833 2747 940 2833 contra
962 2741 1124 2826 disputans
1149 2741 1258 2828 probat
1272 2743 1313 2809 iis

173 2847 349 2921 δικαιοσύνην
372 2853 403 2910 et
426 2843 609 2925 σωφροσύνην
631 2844 811 2931 reliquaque
834 2852 928 2920 καλῆς
951 2847 1075 2922 διανοίας
1100 2849 1222 2933 propria
1245 2871 1312 2915 esse

173 2954 304 3018 virtutes
327 2952 348 3016 i.
367 2973 390 3016 e.
414 2949 512 3028 boua,
536 2949 668 3034 ideoque
690 2973 778 3016 verae
800 2952 955 3018 felicitatis
970 2953 1071 3018 fontes
1087 2976 1150 3018 non
1167 2977 1231 3019 esse
1247 2976 1312 3020 non

174 3081 273 3145 posse.
310 3055 451 3141 Namque
476 3055 564 3120 bonis
588 3057 678 3120 homo
703 3057 793 3138 felix,
816 3058 904 3122 malis
927 3059 1044 3124 infelix.
1067 3059 1159 3145 (Cap.
1179 3059 1242 3124 III.
1258 3061 1311 3146 §1

174 3175 206 3231 et
230 3170 258 3230 2.
282 3165 476 3240 tua-ata,
500 3164 564 3226 cal
590 3162 748 3242 D-500‚
764 3166 948 3230 cuc-mu
973 3164 1008 3232 Ο.
1034 3167 1109 3231 tiu.
1125 3166 1313 3251 quibuscum
1338 3209 1340 3213 ,

173 3273 278 3338 confer
302 3269 377 3355 Gap.
401 3269 428 3333 I.
453 3269 531 3333 sect.
554 3268 580 3333 I.
604 3272 621 3354 b
645 3275 674 3334 1.
699 3272 764 3334 tta
789 3271 817 3334 D
841 3280 878 3352 et
894 3270 977 3336 Sect.¹
998 3271 1057 3357 ΙΙ).
1090 3271 1137 3335 Dc
1152 3271 1201 3336 his
1216 3273 1315 3356 igitur

175 3387 326 3445 certamen
351 3376 382 3439 in
407 3375 465 3439 hoc
489 3374 612 3459 dialogo
628 3376 811 3454 instituitur,
829 3377 868 3440 de
885 3376 932 3440 his
948 3377 1143 3460 gravissimae
1159 3377 1314 3461 quaestic-

90 3468 93 3474 ’
175 3508 228 3551 nes
252 3483 405 3548 habentur
429 3490 459 3544 et
482 3504 601 3546 summa
624 3490 670 3545 est
693 3481 849 3547 contentio
872 3483 952 3546 inter
974 3482 1129 3548 Socratem
1153 3490 1184 3548 et
1206 3483 1315 3549 adver·

175 3592 289 3666 sanos,
310 3589 418 3653 horum
435 3609 526 3651 causa
541 3609 645 3650 omnes
662 3587 830 3672 syllogismi
847 3589 990 3672 deinceps
1006 3588 1203 3663 adhibentur,
1220 3590 1314 3656 verbo

176 3703 212 3762 ut
235 3696 350 3771 dicam,
375 3693 432 3757 hoo
457 3693 615 3776 quaeritur
637 3694 669 3757 in
685 3693 760 3778 Cap.
777 3690 844 3757 III:
863 3701 949 3758 utrae
965 3695 1026 3758 sint
1042 3696 1188 3772 virtutes,
1207 3705 1314 3762 utrum

175 3801 335 3871 δικαιοσύνη
356 3806 413 3863 etc.
427 3822 466 3863 au
486 3797 641 3874 πλεονεξία
657 3801 704 3883 (=
715 3797 830 3881 οίδικία)
845 3808 919 3876 etc,
938 3810 1022 3864 utras
1038 3801 1166 3866 colendo
1181 3801 1314 3886 aliisque

175 3904 380 3992 impertiendo
404 3890 495 3967 homo
519 3904 577 3967 sibi
600 3905 719 3988 totique
742 3905 859 3969 civitati
875 3927 975 3970 veram
991 3906 1166 3972 felicitatem
1183 3929 1219 3972 ac
1233 3908 1314 3974 salu·

101 4025 103 4028 ’
176 4023 239 4080 tem
271 4018 362 4097 paret.
403 4009 507 4092 Atque
538 4009 598 4074 huc
629 4010 732 4074 omnia
762 4033 856 4094 supra
886 4011 1042 4095 disputata
1065 4013 1214 4089 tendunt,
1239 4015 1314 4079 binc

177 4116 418 4206 omnisreliqua
441 4114 610 4198 disputatio
632 4124 746 4180 manat.
782 4116 829 4181 le
852 4138 914 4201 qua
936 4118 1031 4201 igitur
1054 4127 1119 4182 tota
1142 4119 1217 4183 satis
1234 4119 1317 4184 loco·

176 4249 245 4293 rum
270 4221 532 4307 deprompsimus,
554 4221 636 4286 unde
652 4222 710 4287 boc
727 4223 923 4288 conficiamus
939 4222 1054 4307 dialogi
1070 4225 1188 4289 thema:
1213 4239 1316 4291 ausui-

177 4354 231 4399 τοι
260 4350 299 4394 uu
329 4345 548 4392 nemausum
571 4346 775 4406 antiquaque
798 4347 908 4392 vienus
932 4348 1032 4393 vunnu
1055 4349 1249 4395 euticianus
1274 4352 1315 4399 ac

177 4456 304 4503 sununs
338 4451 414 4497 uuus
445 4451 483 4494 au
515 4451 657 4498 s1unums
687 4452 862 4501 somnians
893 4454 931 4499 uu
960 4455 1135 4500 uuivunssu
1163 4455 1314 4505 civlusun

178 4547 263 4611 Haec
286 4548 333 4606 eat
356 4560 476 4603 summa
498 4538 596 4622 ipsius
615 4538 845 4624 philosophicae
861 4540 1094 4625 disputationis,
1111 4542 1162 4606 cui
1176 4542 1316 4610 admixta
