3030 5294
521 297 927 368 raounoonnna
1208 323 1306 399 um

152 523 190 566 ea
212 523 275 567 una
297 522 367 566 curn
395 489 560 588 disputatis
576 503 615 568 de
631 502 836 586 sophistarum
851 506 1004 573 rhetorica
1019 508 1292 576 considerabimus.

151 605 246 688 Quod
269 607 405 673 secundo
428 608 497 674 loco
519 609 740 694 aggrediamur.

197 714 245 781 De
261 715 466 800 sophistarum
482 715 633 781 rhetorica
644 716 837 800 paucissimis
849 715 1005 783 absolvere
1017 719 1205 802 poterimus,
1220 721 1293 807 quia

149 843 230 907 quae
253 820 292 885 de
315 821 371 903 hae
393 821 594 906 disputentur
616 843 677 886 non
704 830 777 888 sunt
793 823 932 888 involuta
946 830 979 888 et
994 823 1138 893 facillime
1154 849 1192 893 ex
1207 825 1293 895 brari

150 926 267 1011 dialogi
295 934 462 1011 conspectu
484 937 723 1012 cognoscuntur.
759 928 906 1014 Inspicias
923 929 1015 996 modo
1030 931 1106 1017 Gap.
1123 933 1151 999 Ι.
1168 934 1291 1002 useel

150 1034 169 1119 q
194 1036 211 1100 l
244 1039 275 1097 et
306 1035 326 1096 8
355 1039 386 1096 et
415 1032 488 1119 Oap.
513 1034 548 1100 Π
572 1042 602 1100 et
625 1036 689 1116 IV,
714 1043 751 1102 nt
772 1034 830 1101 tibi
854 1034 1055 1120 persuadeas,
1080 1037 1236 1106 Socratem
1257 1039 1291 1108 id

151 1138 270 1224 ubique
292 1161 380 1236 agere
403 1148 439 1204 ut
461 1139 650 1207 demonstret
673 1143 877 1228 sophistarum
901 1143 1082 1209 rhetoricam
1100 1141 1165 1211 esse
1179 1144 1292 1225 ἄλογον

100 1283 104 1286 -
150 1249 300 1328 πρᾶγμα,
324 1247 552 1330 quasiparten'r
574 1257 628 1324 τῆς
646 1257 866 1324 calcamento.
889 1247 1067 1328 Rhetorica,
1084 1251 1229 1334 politica,
1246 1273 1294 1319 so·

149 1353 283 1438 phistica
304 1366 423 1433 (omnes
447 1360 508 1418 tres
530 1354 653 1434 ταύτὸν)
676 1355 790 1440 pariter
813 1355 886 1420 artis
909 1356 1033 1420 nomine
1062 1371 1189 1442 prorsus
1214 1357 1294 1427 indi·

150 1481 230 1545 gnae
251 1467 334 1525 sunt.
367 1457 476 1544 Neque
500 1460 643 1544 privatim
665 1483 766 1546 neque
790 1459 912 1545 publice
934 1460 991 1524 ulli
1015 1459 1097 1528 bono
1114 1463 1186 1528 usui
1202 1470 1292 1542 sunt,
1395 1453 1399 1458 ⁸

151 1565 205 1631 sed
232 1571 339 1630 contra
369 1564 524 1650 perniciei.
564 1565 652 1631 Idem
670 1565 883 1651 ¹judicandum
907 1565 945 1630 de
968 1567 1023 1646 iis,
1048 1590 1127 1653 quae
1150 1548 1292 1636 Socrates
1365 1546 1372 1556 ‚

149 1672 186 1736 in
208 1669 282 1756 (lap.
305 1670 367 1735 III.
390 1672 408 1756 b
426 1675 446 1734 2
463 1677 493 1735 et
510 1673 528 1735 3
545 1671 584 1735 de
599 1671 758 1755 Miltiade,
775 1671 894 1737 Pericle
910 1671 1040 1756 aliisque
1056 1673 1191 1758 politicis
1208 1674 1293 1742 dicia

150 1775 284 1842 Omnem
314 1777 440 1841 omnino
470 1777 579 1841 horum
614 1783 644 1842 et
670 1778 808 1863 reliquae
832 1777 976 1860 antiquae
999 1778 1115 1863 gloriae
1138 1780 1292 1846 existima·

150 1880 268 1949 tionem
293 1891 324 1947 et
347 1882 581 1949 admirationem
605 1905 641 1949 ex
665 1868 840 1949 auditorum
857 1884 967 1949 animis
983 1885 1118 1951 eximens
1134 1906 1169 1951 ac
1187 1886 1292 1953 delens

149 1991 244 2055 etiam
268 1989 379 2055 horum
402 1988 585 2054 rhetoricam
609 1998 639 2054 et
662 1990 819 2076 politicam
842 2011 967 2074 prorsus
990 1990 1110 2055 nullius
1133 2014 1209 2058 usus
1224 1996 1310 2059 essa
1367 1977 1370 1981 ⁸

150 2095 360 2174 demonstret,
392 2093 477 2180 ipsos
505 2095 692 2160 miserrimae
722 2095 908 2160 conditionis
940 2101 1100 2175 auctores,
1133 2095 1172 2161 ad
1198 2117 1293 2182 quam

152 2201 389 2267 Atheniensium
421 2201 574 2265 civitatem
604 2201 758 2286 delapsam
789 2200 930 2285 deplorat
961 2202 1090 2266 exitium
1122 2203 1188 2288 ejus
1211 2224 1296 2286 prae·

54 2320 56 2322 ’
152 2307 283 2394 ragiens.
327 2306 399 2388 Quo
427 2305 542 2392 majore
565 2309 646 2371 enim
666 2308 735 2392 jure
758 2306 870 2390 aliquis
894 2329 940 2372 ex.
965 2329 1009 2392 gr.
1033 2306 1166 2372 Pericles
1188 2329 1296 2373 secuu-

151 2414 225 2479 dum
250 2413 344 2478 Phdr.
367 2415 431 2477 269
457 2411 484 2476 n
506 2413 688 2484 τελειότατος
710 2414 751 2485 εἷς
773 2414 825 2488 τὴν
846 2414 989 2494 ῥητορικὴν
1004 2413 1023 2477 i.
1040 2435 1065 2478 e.
1079 2411 1293 2492 ἀκριβέστατος

149 2522 264 2594 πειθοῦς
287 2519 456 2600 δημιουργὸς
480 2518 542 2582 dici
564 2526 665 2604 potest
688 2527 719 2582 et
738 2539 844 2584 revera
857 2519 935 2596 fuit,
953 2541 988 2583 eo
1008 2519 1104 2602 magis
1120 2517 1293 2586 seeundum

150 2626 307 2711 disputata
329 2625 362 2689 in
385 2623 728 2710 Gorgiam-519)
754 2624 945 2710 culpandus,
971 2624 1054 2709 quod
1078 2624 1215 2708 neglexit
1240 2645 1289 2690 ve·

148 2753 213 2798 ram
238 2730 370 2796 civitatis
393 2730 538 2807 salutem,
562 2753 664 2794 veram
686 2731 801 2795 civium
824 2729 1018 2807 felicitatem,
1041 2729 1139 2806 λέγων
1162 2728 1231 2811 πρὸς
1253 2729 1289 2796 τὸ

150 2835 262 2915 ἥδιστον
286 2858 351 2901 non
371 2835 442 2916 πρὸς
463 2836 496 2901 τὸ
519 2835 675 2912 βέλτιστον
697 2835 719 2900 i.
736 2858 762 2900 e.
787 2858 849 2901 non
872 2836 1048 2914 δημιουργῶν
1067 2826 1244 2910 hemiariani
1260 2843 1292 2901 et

150 2941 333 3024 σωφροσύνην
356 2941 569 3026 reliquamque
592 2942 737 3006 virtutem
761 2941 839 3027 (517
865 2942 916 3024 A).
957 2940 1028 3004 dam
1052 2942 1127 3024 quid
1151 2941 1290 3005 Socrates

151 3048 210 3113 sibi
235 3047 302 3111 vult
321 3049 354 3111 in
373 3046 516 3113 omnibus
533 3047 581 3110 his
603 3053 634 3111 et
652 3047 778 3134 reliquis
799 3048 831 3112 in
853 3046 968 3130 Gorgia
987 3046 1151 3132 disputatis
1170 3047 1208 3111 de
1225 3046 1292 3111 illo·

149 3177 219 3220 rum
241 3142 395 3218 rhetorica
416 3151 637 3238 velpolitical
665 3152 771 3218 Unum
795 3153 869 3230 hoc,
894 3160 929 3217 ut
952 3175 1017 3216 eam
1042 3153 1130 3237 quasi
1152 3152 1288 3232 aboleat,

151 3259 241 3323 aliam
266 3265 379 3336 artem,
404 3280 506 3323 veram
529 3257 732 3335 rhetoricam,
747 3279 862 3326 ,veram
885 3257 1040 3342 politicam
1065 3244 1236 3322 traditurus
1258 3263 1291 3321 et
1420 3266 1424 3273 '

153 3364 347 3429 auditoribus
370 3364 564 3449 probaturus.
593 3362 685 3443 Quod
708 3363 734 3427 si
750 3369 831 3428 recte
847 3363 995 3439 vidimus,
1013 3362 1107 3448 hujus
1123 3384 1208 3428 verae
1223 3361 1291 3436 rhe-

151 3470 263 3534 toricae
293 3469 460 3554 exploratio
485 3469 600 3553 dialogi
623 3469 726 3534 thema
748 3467 838 3551 nobis
862 3469 977 3552 aperiat
998 3488 1120 3533 neeesse
1144 3474 1201 3535 est.
1242 3467 1291 3533 Da

72 3584 86 3598 ⁵
152 3597 213 3660 qna
236 3575 369 3657 denique
393 3574 485 3659 paulo
509 3575 635 3639 uberius
658 3573 831 3638 dicendum.
1101 3638 1104 3643 .

195 3681 333 3745 Socrates
356 3704 374 3744 e
397 3681 529 3765 Gorgiae
553 3680 643 3745 dictis
667 3680 855 3747 occasionem
878 3679 956 3762 petit
978 3701 995 3743 a
1018 3684 1171 3745 vera-arte
1187 3677 1287 3745 rheto-

152 3785 213 3851 rica
235 3787 413 3851 exordiendi
435 3788 468 3852 in
491 3787 566 3871 (lap.
591 3787 615 3850 Ι.
639 3785 719 3850 Seet.
744 3785 771 3850 I.
793 3787 810 3870 q
838 3789 857 3850 2
881 3786 960 3864 (508
986 3784 1043 3870 G),
1068 3785 1169 3870 qualis
1194 3807 1229 3850 ea
1247 3784 1289 3850 sit

153 3899 183 3957 et
213 3892 292 3957 cirea
320 3897 396 3977 quas
418 3916 465 3957 ros
489 3900 642 3969 versetur,
665 3892 820 3976 copiosius
845 3891 1038 3974 expositurus
1063 3891 1095 3957 in
1119 3890 1193 3974 Cap.
1219 3889 1286 3970 ΙΙΙ,

153 3999 235 4081 quod
264 4000 366 4083 ipsum
390 4005 489 4064 totum
515 3997 679 4064 inscribere
702 3988 820 4083 possis:
851 3999 899 4064 De
922 4019 991 4067 cera
1012 4003 1077 4061 crte
1093 3999 1220 4079 politica
1242 3997 1290 4066 eat

152 4105 304 4170 rhetorice.
329 4114 359 4169 et
382 4107 515 4192 partium
539 4106 603 4191 ejus
629 4104 773 4187 primam:
801 4104 889 4168 Circa
910 4125 985 4187 quaa
1007 4125 1054 4166 rea
1076 4124 1110 4166 ea
1130 4124 1180 4166 ara
1195 4125 1291 4169 serec-

153 4214 209 4278 δυο.
240 4211 425 4277 secundam:
457 4213 531 4296 Ιῇοο
555 4214 742 4293 praestantia
762 4231 840 4292 prce
860 4210 1056 4290 rophetarum
1078 4209 1233 4273 rhetorica.
1259 4216 1290 4273 et

153 4316 273 4381 tertiam
297 4316 357 4382 sic:
386 4319 530 4398 Quomodo
552 4318 618 4403 quie
641 4339 714 4402 quae
736 4338 772 4380 cc
789 4316 960 4398 praecipit,
984 4319 1104 4378 omnino
1126 4316 1254 4397 aepleeta
1269 4339 1289 4379 a

153 4421 289 4504 raptistae
312 4429 340 4486 et
361 4424 508 4504 politicae,
533 4425 590 4486 aba·
612 4430 761 4506 comparet
783 4428 812 4489 et
833 4423 905 4487 aliie
923 4426 1033 4506 totique
1051 4420 1168 4486 civitati
1184 4426 1290 4503 imper·

156 4528 201 4591 aa.
234 4527 282 4593 le
306 4527 364 4593 hoo
387 4529 482 4612 igitur
504 4531 604 4613 capite
628 4529 804 4613 praesertim
828 4549 865 4594 ex
889 4527 954 4612 ejus
976 4528 1028 4611 §1
1052 4526 1144 4611 longe
1159 4526 1290 4611 plurima
