3030 5294
173 336 271 386 xsrrr
507 349 509 358 ·
534 314 945 386 rudbuoouuuas

174 522 342 587 siderantes
363 523 395 588 in
420 525 557 609 quemvis
579 528 712 590 eurotam
734 524 895 608 rapiamur.
928 521 1030 612 Redeo
1047 521 1128 586 unde
1144 521 1303 606 digressos

173 630 251 692 sum.
273 627 406 694 Ostendi
429 629 620 714 syllogismos
642 630 676 693 in
692 629 809 713 Gorgia
822 628 938 692 iudioes
951 646 1017 691 osse
1031 627 1183 692 thematis.
1207 625 1302 690 Nune

174 733 345 810 rideamus,
369 734 521 817 quomodo
537 728 597 818 'qui
619 734 732 818 legitur
754 735 784 797 ln
808 734 873 797 tuo
897 740 929 796 ot
949 752 1019 796 eom
1043 732 1115 796 aliis
1136 731 1302 816 respicitur

172 839 204 902 iu
230 839 291 902 508
314 837 341 901 0
367 838 464 902 eidem
487 840 654 903 sententiis
667 856 761 902 meae
775 838 958 922 samagam
966 885 975 922 ,
992 845 1023 903 st
1039 858 1103 922 quo
1114 838 1184 921 jura
1199 844 1299 900 tomen

172 943 359 1035 rellqr'tor'um
383 942 564 1028 prodromos
584 943 646 1008 dlcl
670 944 775 1029 possit.
811 942 948 1007 iloorates
963 943 995 1006 io
1011 962 1048 1006 eo
1064 941 1218 1006 nihildum
1234 951 1300 1006 tau·

173 1048 219 1134 gtt
240 1047 326 1132 quod·
346 1048 384 1112 ad
407 1049 474 1133 ipsa
489 1049 547 1112 tria
562 1049 616 1113 illa
631 1050 732 1133 eapite
746 1049 877 1134 pertinet
891 1048 1083 1123 dmstoodm,
1099 1044 1299 1129 σωφροσύνην,

173 1152 363 1230 εὐδαιμονίαν.
399 1150 459 1217 Sed
491 1153 532 1217 de
560 1170 627 1218 rara
657 1153 825 1231 rhetorloa,
855 1153 888 1217 in
918 1165 979 1236 ¹qua
1002 1152 1163 1227 donandae
1187 1152 1301 1236 primas

173 1257 240 1341 agit·
268 1257 381 1341 partis,
413 1266 482 1323 enm
510 1256 685 1323 rhetoribus
708 1258 951 1344 disoeptaturos,
976 1255 1155 1340 disputandi
1177 1255 1300 1320 initium

173 1359 212 1426 alt
227 1369 277 1424 eo
296 1355 399 1440 dudit,
429 1370 534 1448 utpote
558 1382 619 1448 quo
641 1363 778 1448 oogltor,
803 1384 906 1427 verum
927 1362 1080 1427 rhetorem
1102 1357 1213 1425 debers
1236 1376 1301 1426 eoos

172 1466 279 1532 θιίἑνιιόν
299 1476 328 1531 et
352 1469 507 1537 retentam
530 1467 641 1535 habere
662 1456 724 1534 aaa
739 1467 862 1535 hamat.
898 1467 1008 1548 Qualia
1030 1467 1158 1532 sumsit
1174 1462 1223 1531 hie
1239 1464 1298 1551 syt-

172 1571 336 1656 logismus,
359 1574 451 1638 simul
475 1574 666 1652 rhetoribus,
695 1573 868 1658 siquidem
893 1573 951 1637 hoo
974 1572 1098 1663 nomino
1120 1571 1206 1656 digni
1232 1590 1300 1635 osse

173 1673 283 1754 vetat,
318 1668 524 1744 neomsitatem
556 1680 685 1764 imponit
714 1685 767 1744 τοῦ
798 1700 864 1742 esso
890 1679 991 1763 luston
1023 1685 1054 1742 ot
1081 1685 1183 1742 tonare
1213 1694 1336 1747 unm·

174 1767 247 1848 artls
270 1782 436 1850 rhetoricae
459 1792 618 1870 praesepta
632 1772 775 1869 daineeps
795 1783 924 1860 tradita,
942 1800 1072 1869 quoram
1088 1800 1197 1866 agmen
1213 1781 1302 1848 duait

174 1889 246 1954 huot
270 1889 614 1971 nostrosnostros
637 1888 810 1967 musenim
833 1924 877 1939 -
897 1885 1155 1955 villamorina
1178 1889 1227 1952 nal
1242 1887 1301 1972 idle

173 1993 224 2058 sat
245 1992 379 2077 δημοσίᾳ.
451 2038 454 2044 ·

220 2309 279 2403 Du
298 2310 433 2377 uulua
456 2313 663 2379 autumus
686 2314 739 2380 ΕΤ
761 2317 818 2380 Du
841 2315 1022 2382 utamur
1045 2313 1256 2381 oouslu10.

219 2514 304 2596 Quid
328 2512 484 2580 Platonem
507 2516 664 2582 induxerit
686 2519 724 2583 ad
747 2518 893 2603 Gorgiam
917 2519 1168 2584 oonaaribendum
1188 2520 1304 2604 ooojeo·

176 2629 245 2686 tut-a
267 2628 385 2686 tautum
411 2622 541 2706 quadam
564 2624 684 2708 assequi
708 2644 879 2710 possumus.
913 2623 953 2687 ut
975 2633 1090 2688 rotoma
1106 2632 1138 2688 et
1156 2625 1305 2689 reoentio-

176 2741 240 2804 tos3
263 2742 326 2793 uon
350 2735 429 2791 rorte
452 2726 553 2811 ipsom
568 2728 725 2813 dialogum
741 2729 950 2814 intelligentes
967 2737 1022 2793 aut
1037 2731 1160 2795 nimiam
1176 2731 1305 2796 torano

177 2821 267 2896 fldem
298 2831 443 2896 habentos
471 2828 560 2896 dietis
584 2833 786 2918 quibusdam,
810 2856 889 2920 quae
912 2835 1066 2900 olim-snb
1090 2835 1228 2901 Plutonis
1249 2845 1305 2902 aut

178 2938 309 3022 Gorgias
331 2938 452 3002 nomine
474 2939 780 3018 oiroomlorebautur,
805 2940 981 3017 Platonem,
1010 2941 1093 3026 qood
1117 2942 1302 3008 simultatem

177 3043 338 3130 quamdam
367 3062 436 3108 oum
467 3040 639 3108 rhetoribus
668 3052 702 3110 et
723 3046 867 3130 sophistis
892 3047 1029 3111 habuerit
1052 3054 1138 3110 tauto
1161 3068 1302 3112 auoooeau

178 3143 405 3214 admirationem
428 3158 523 3232 atque
544 3168 648 3214 auram
672 3151 849 3235 popularem
871 3150 1084 3236 aptantibus,
1101 3151 1216 3215 insidia
1231 3150 1305 3216 duo·

178 3265 243 3319 tom
266 3241 329 3320 ‘unt
356 3254 560 3323 aemulatione
589 3255 734 3340 Gorgiam
758 3257 973 3342 conscripsisse
995 3256 1202 3321 contendant:
1226 3278 1305 3322 nosa-

178 3361 256 3425 nulli
276 3376 350 3424 suso
373 3361 452 3425 vitae
475 3361 609 3445 privatae
625 3361 802 3426 institutum
819 3361 1001 3426 defendendi
1016 3383 1126 3440 eausa,
1142 3372 1196 3426 aut
1210 3363 1302 3428 etiem

177 3467 310 3530 rhetores
332 3465 478 3530 irridendi
503 3486 603 3529 eausa.
647 3465 762 3532 Verum
783 3466 870 3548 ζῆλος
896 3474 950 3530 aut
972 3468 1074 3547 Φνόνις
1097 3468 1192 3532 aliare
1215 3488 1305 3552 quao-

178 3569 246 3634 datu
270 3570 422 3646 svenosa
444 3571 476 3633 iu
500 3571 758 3652 rhapsodiam
781 3582 919 3636 nostrum
938 3569 1023 3637 'nulli
1050 3573 1303 3657 philosophorum

178 3690 210 3740 et
236 3676 417 3759 scriptorum
439 3676 605 3740 seeundum
629 3677 737 3742 eadere
758 3698 819 3742 non
844 3679 954 3762 potuit.
997 3679 1099 3762 Atque
1125 3677 1305 3763 hujusmodi

177 3780 365 3861 saansaan
393 3780 451 3845 hoo
477 3801 555 3864 opus
584 3782 686 3846 deberi
707 3780 887 3868 persuadere
910 3783 985 3848 mihi
1008 3805 1070 3847 non
1095 3804 1231 3867 possum.
1270 3785 1304 3850 ot

178 3886 248 3973 quis
270 3894 372 3951 autam
396 3885 568 3969 perhiberet
592 3886 750 3952 Platonem
773 3889 836 3952 reri
859 3908 893 3952 aa
912 3889 987 3953 boni
1011 3887 1191 3973 explorandi
1212 3910 1306 3956 eausa

179 4001 209 4057 ot
230 3991 353 4077 publioe
373 3991 555 4055 defendendi
579 3989 699 4056 obviam
719 3994 763 4058 ire
782 3994 916 4058 voluisse
935 3994 1102 4058 rhetorioue
1119 3992 1165 4058 illi
1181 4003 1304 4070 semaia

178 4097 300 4183 quidem
323 4097 420 4175 λέξεσι
441 4094 616 4182 splendenti
640 4098 693 4163 aed
717 4100 943 4172 matronalem
960 4099 1096 4165 sordenti
1112 4099 1306 4185 speciemque

179 4202 340 4287 quomdam
376 4202 587 4288 philosophiae
621 4224 691 4288 prae
724 4222 757 4268 ae
787 4204 917 4282 ferenti,
941 4205 1071 4287 ideoque
1092 4205 1130 4268 ed
1153 4204 1304 4290 Gorgiam

178 4306 428 4373 euusoribeudun
447 4307 579 4371 animum
596 4309 763 4394 appulisse,
779 4309 852 4374 hoio
864 4309 1030 4374 sententiae
1042 4330 1136 4373 uuum
1151 4308 1304 4377 diotorum

177 4411 318 4488 illorum,
343 4430 421 4497 quae
443 4412 560 4476 sdssuos
583 4420 800 4496 pervenerunt,
823 4434 884 4479 non
903 4421 1093 4499 repugnaret
1117 4414 1304 4499 Aooepimus

178 4516 257 4580 euim
286 4516 449 4586 interulis
472 4517 530 4581 hoo
559 4517 689 4604 Gorgiae
716 4518 849 4585 diotums
877 4540 1036 4607 seneque
1060 4518 1174 4585 dixisse
1202 4542 1305 4609 neque
