3030 5294
647 317 904 386 ccccmo
1312 296 1399 399 ιιῃ

115 550 120 557 ’
215 525 264 591 διὰ
295 532 399 600 τοῦτο,
432 521 475 590 ὃίι
506 524 555 590 aci
588 522 674 591 ἄλλοι
705 524 759 590 εἶσὶ
787 523 935 607 ζωγράφοι
958 525 1123 606 γράφοντες
1145 524 1230 592 ἄλλοι
1252 525 1353 591 πολλὰ

217 629 294 713 ζῷιις
328 648 375 682 -’
402 640 487 697 ΓΟΡ.
522 630 594 696 Nal.
625 668 670 680 -
701 640 773 696 ΣΩ.
803 632 839 696 Ei
862 630 893 695 δι’
915 655 952 709 γε
974 631 1072 708 μηδεὶς
1095 631 1187 704 ἄλλος
1210 631 1227 707 ἢ
1250 630 1353 707 Ζεῦξις

217 736 352 818 incude,
383 738 482 808 καλῶς
516 733 553 801 ιιι
586 759 628 802 ccl
658 737 846 817 ἀπεκέκριτις
881 772 923 786 ·-
954 747 1039 804 ΓΟΡ.
1067 743 1132 809 Πῶς
1155 737 1215 815 γὰρ
1237 736 1285 816 ιῦ;
1308 774 1353 786 -

218 825 292 910 zu.
320 843 373 908 Ἴθι
400 843 434 917 tl
456 842 506 907 ιιιιὶ
529 841 593 924 περὶ
616 850 669 917 τῆς
692 845 836 923 ῥητορικῆς
850 843 940 917 ciui,
964 842 1080 923 πότεριι
1103 865 1144 907 σοι
1168 843 1245 907 δοκεῖ
1266 844 1375 909 πειθὼ·

218 955 306 1014 ποιεῖν
337 951 354 1024 ai
384 949 510 1030 inveneris
536 947 626 1027 μόνη,
649 947 666 1024 ἢ
690 947 740 1014 aui
763 946 858 1013 ἄλλαι
880 949 1005 1030 rixam
1029 948 1108 1026 λέγω
1131 949 1160 1014 δὲ
1179 949 1213 1014 τὸ
1235 949 1348 1015 τοιόνδε·

206 1052 295 1128 ,ὅστις
318 1053 443 1120 διδάσκει
469 1056 559 1120 ὃτιιῦι
582 1059 731 1135 apricus,
756 1054 874 1136 πότεροι
896 1053 910 1120 ὃ
934 1054 1185 1139 διδάσκειιιείιει,
1207 1056 1224 1132 ἢ
1243 1056 1293 1133 0153
1310 1095 1354 1106 -

217 1171 303 1228 ΓΟΡ.
336 1163 381 1226 Οὐ
411 1161 500 1242 deiru,
531 1155 552 1225 ὦ
578 1161 751 1241 Σώκρατες,
775 1161 860 1225 ἄλλοι
883 1162 1000 1226 πάντων
1023 1162 1161 1239 udaeam
1182 1161 1282 1227 ιιείιει.
1309 1200 1351 1211 -

182 1271 291 1338 ΕΣΩ.
322 1266 419 1332 Πάλιν
449 1266 473 1330 δ’
496 1267 520 1330 ei
551 1266 598 1331 e’ai
629 1272 685 1331 τῶι
716 1269 812 1332 αὐτῶν
833 1272 945 1348 τεχνῶν
966 1266 1094 1347 λέγομεν
1116 1263 1207 1350 ὦνπερ
1231 1274 1279 1334 νῦν
1299 1268 1351 1351 tc,

220 1515 304 1576 Quom
322 1513 533 1580 comparationem
556 1512 690 1576 diligenter
706 1528 762 1577 per·
811 1513 915 1564 Pheaet.
942 1514 988 1563 154
1013 1513 1049 1574 B,
1075 1513 1139 1631 hoq.
1162 1515 1211 1568 377
1228 1515 1267 1576 n,
1284 1515 1354 1566 Oret.

220 1580 382 1647 sequentibus
406 1579 508 1630 tandem
531 1584 563 1635 τὰ
586 1587 643 1632 ποια
659 1600 692 1625 --·
708 1582 763 1649 περὶ
812 1583 860 1630 440
877 1580 913 1640 Α,
932 1596 1046 1630 necnon
1062 1581 1121 1647 Apo
1155 1582 1356 1633 Socr.20E.al.

220 1651 258 1714 τι,
275 1653 300 1697 et
315 1656 362 1705 πῶς
372 1667 404 1691 =
417 1651 448 1699 rai
464 1652 520 1698 reia
535 1645 688 1701 videbuntur
701 1661 762 1695 esse.
811 1646 908 1696 Eadem
924 1646 1077 1706 rationetur
1089 1663 1147 1697 cum
1161 1655 1228 1700 uldra
1240 1649 1355 1698 'unctum

221 1715 294 1764 Idem
315 1725 362 1771 πῶς
383 1713 463 1776 igitur
477 1712 644 1762 defendentes
661 1712 711 1761 alia
727 1709 763 1761 af-
811 1713 870 1762 vide
885 1713 912 1761 in
928 1712 1008 1763 Pbdr.
1026 1715 1074 1763 269
1092 1713 1356 1782 Βιὴν-ιιχιιιπις

211 1779 329 1830 ieramus
346 1773 500 1844 arguitenta.
532 1777 590 1828 Hoc
606 1778 659 1842 agit
676 1778 762 1827 Socra·
812 1783 851 1831 καὶ
875 1784 941 1832 πόθει
968 1784 997 1831 otc
1023 1783 1059 1839 τις
1088 1781 1176 1833 directo
1202 1785 1355 1851 πιρίσασθιιις

203 1850 273 1901 ¹tes,
289 1849 332 1904 ut,
350 1861 408 1894 cum
424 1861 477 1895 non
493 1861 544 1894 una
560 1844 595 1893 sit
606 1849 676 1897 ιιιιθὼ
683 1858 765 1908 neque
812 1845 902 1909 Itaque
918 1845 1050 1912 Aristoph.
1066 1846 1094 1896 in
1110 1847 1179 1896 Plut.
1196 1849 1244 1896 906

222 1911 298 1962 unius
324 1911 400 1970 artis,
428 1911 473 1961 sed
496 1911 581 1976 plures
606 1917 631 1961 et
652 1911 765 1977 plurium
829 1925 857 1966 ι.
874 1915 901 1962 Tl
918 1913 968 1973 διιὶι
986 1920 1066 1980 rixans
1081 1909 1121 1966 τιν’
1133 1917 1228 1980 laudere
1241 1913 1311 1966 moi
1321 1917 1357 1979 μὰ

223 1978 329 2040 artium,
347 1978 468 2042 Gorgiam
484 1983 557 2041 cogat
575 1977 668 2035 diserte
687 1976 765 2042 expli·
1219 1985 1258 2031 ιιι
1273 1983 1323 2031 Δία.

224 2060 292 2102 care,
309 2043 402 2109 quibus
419 2049 434 2103 ἡ
450 2044 587 2093 rhetorices
604 2048 676 2095 πιιθὼ
686 2043 766 2093 areli·
830 2055 861 2096 x.
878 2054 929 2102 Πῶς
945 2045 981 2096 οὖν
998 2047 1267 2110 indescendendo
1277 2057 1355 2102 uacca

240 2111 280 2160 uis
295 2111 449 2175 reliquarum
465 2110 558 2160 artium
575 2110 673 2159 diversa
689 2110 724 2158 sit
741 2113 768 2159 et
815 2112 939 2176 scriptum
963 2111 1015 2160 fuit
1038 2126 1090 2160 non
1114 2115 1129 2168 ἡ
1149 2117 1233 2175 aetra,
1253 2111 1298 2161 sed
1319 2115 1358 2163 καὶ
1406 2162 1409 2167 ,

223 2128 337 2240 iignosei
353 2177 443 2243 possit.
469 2176 544 2240 Cogit
560 2176 639 2239 igitur
652 2191 723 2235 eum,
737 2179 767 2224 ut
816 2181 892 2231 ποθεν.
917 2176 1002 2242 Atque
1021 2176 1104 2226 eedem
1123 2179 1283 2236 rationeque
1298 2192 1357 2226 cum

225 2243 313 2293 melius
335 2243 486 2308 respondeat
508 2246 534 2292 et
550 2241 655 2291 definiat
670 2248 711 2302 rin
725 2243 767 2309 ῥη-
816 2244 873 2291 aliis
900 2242 978 2308 hujus
1003 2243 1098 2307 generis
1122 2244 1226 2293 vocibus
1251 2244 1357 2310 conjun-

225 2308 767 2439 gssffefargssiceeusstggggdffienrssgsoffl
816 2309 902 2424 iiirhres
912 2309 1308 2442 -f-ergzuiilssgssmergafflmgi
1327 2313 1358 2424 iii

227 2443 259 2493 ad
282 2443 469 2507 quaestionem:
495 2441 553 2505 quis
575 2441 703 2507 pictorum
730 2443 768 2490 est
817 2441 911 2505 Gorgia
935 2442 1108 2501 sollicitarint,
1125 2457 1198 2491 nemo
1214 2456 1273 2491 vero
1289 2441 1357 2490 idem

227 2508 334 2558 Zeuxis?
352 2507 401 2557 alia
416 2508 529 2570 indigere
545 2507 690 2571 quaestione
706 2506 767 2555 hac:
815 2507 855 2559 vel
872 2508 982 2574 ineptius
998 2508 1111 2574 positam
1127 2507 1218 2557 viderit
1234 2507 1261 2557 in
1277 2507 1358 2556 Phdr.

228 2577 357 2627 brittolos
373 2586 416 2626 τῶν
433 2581 493 2643 ζῴων
508 2579 600 2643 γράφων
613 2576 719 2632 salutm
731 2573 768 2622 iia
818 2575 865 2623 235
890 2573 922 2629 G.
947 2578 1008 2632 Τὶιιις
1024 2573 1098 2638 οὗτοι,
1117 2578 1154 2626 καὶ
1170 2580 1213 2624 ποῦ
1230 2575 1257 2625 σὺ
1272 2577 1358 2641 fidelos

226 2645 256 2690 ut
266 2641 329 2691 bene
344 2641 505 2705 respondenti
517 2646 571 2689 tota
582 2639 702 2690 Zeuxidis
712 2644 768 2689 tan·
817 2642 900 2694 rubrus
923 2643 1045 2700 extremi
1086 2641 1245 2706 Responsum
1270 2640 1358 2689 saltem

226 2706 770 2838 transcucurrerunt
816 2707 1105 2832 ιιιῑιιιιιιι
1120 2706 1360 2839 ternu

141 2870 144 2877 ·
226 2841 324 2890 toribus
345 2839 521 2903 dignoscetur,
545 2838 707 2888 describenda
726 2838 768 2887 sit.
817 2841 868 2890 nisi
884 2856 984 2890 coecum
999 2839 1083 2904 fugere
1096 2844 1188 2906 potest.
1213 2839 1284 2888 Haec
1300 2843 1360 2898 ὅπως

227 2905 286 2956 Jam
297 2906 376 2969 igitur
386 2905 455 2972 apud
467 2904 568 2954 Atticos
580 2908 702 2962 auctores,
713 2904 769 2954 ubi·
819 2910 844 2957 et
852 2907 943 2959 ὧντινων
947 2907 1038 2972 jubent
1046 2907 1074 2956 in
1081 2905 1275 2969 interrogatione
1284 2905 1360 2955 scribi

227 2987 325 3036 cunque
346 2977 400 3022 tcta
424 2971 556 3036 cujusdam
579 2970 615 3020 rei
635 2977 727 3028 πιιιιης
742 2971 771 3019 in
818 2985 865 3030 πῶς
882 2975 940 3038 (pro
956 2973 1011 3036 ποῦ)
1029 2988 1086 3022 cum
1103 2975 1168 3030 τίιιι.
1185 2972 1273 3036 Neque
1287 2971 1360 3023 aliter

231 3039 375 3088 universum
393 3038 533 3102 inquiritur
549 3037 770 3103 vel'propcnitur,
818 3040 922 3102 legitur,
939 3039 984 3087 ubi
1000 3039 1086 3088 eadem
1102 3037 1215 3103 quaestio
1232 3037 1356 3101 tangitur,

227 3105 368 3155 invenimus
384 3104 563 3167 interrogativa
579 3111 643 3160 ποῖος
658 3103 771 3160 ιιΙιιιῑις
819 3106 847 3154 in
870 3107 917 3153 235
942 3104 966 3152 D
990 3131 1022 3140 -
1039 3107 1066 3156 σὺ
1081 3110 1111 3169 y&
1144 3107 1195 3169 ἐμοὶ
1211 3104 1302 3156 ὧντινων
1318 3107 1361 3166 μιν

227 3191 262 3229 τις
276 3171 316 3220 vel
332 3174 368 3228 τις
379 3171 501 3219 horumce
511 3169 604 3219 formas
616 3170 770 3219 demonstra·
820 3174 858 3223 και
880 3173 938 3228 ὅπως
960 3175 1055 3228 ἤκουσας
1078 3124 1132 3236 ‘nni'
1147 3176 1174 3221 ἀι
1190 3171 1271 3221 ulcio
1287 3173 1311 3221 el
1342 3191 1360 3228 ς.

227 3237 291 3287 tiva·
315 3242 340 3287 et
364 3236 488 3286 relativas.
520 3235 614 3286 Verum
636 3250 688 3284 non
710 3234 770 3284 solis
818 3236 887 3286 Vide
902 3237 994 3285 iterum
1011 3240 1070 3294 ὅπως
1086 3251 1138 3287 non
1153 3240 1221 3300 troc,
1241 3241 1266 3285 et
1280 3236 1330 3284 scri

227 3303 268 3353 his
292 3308 415 3360 utuntur,
438 3302 482 3352 sed
504 3302 662 3368 subjungunt
678 3301 710 3349 iis
727 3300 770 3350 ad·
818 3308 844 3353 et
865 3303 905 3353 in-
916 3301 1011 3366 Gorgia
1031 3303 1100 3351 etin
1116 3301 1231 3351 Phaedro
1248 3311 1296 3360 πῶς
1312 3316 1360 3368 pro

227 3369 311 3427 verbio
327 3381 388 3432 πῶς,
406 3371 480 3431 ὅπως,
498 3370 565 3426 ciras
586 3368 605 3417 i.
621 3382 642 3416 e.
659 3366 770 3433 ejusdem
818 3374 869 3422 ποι.
902 3368 960 3417 Hoc
982 3368 1082 3418 demum
1100 3373 1138 3417 est
1153 3372 1360 3432 argumentume

149 3469 154 3485 ι
228 3435 338 3486 adverbii
363 3436 581 3498 interrogativum,
601 3433 731 3483 relativam
746 3437 772 3482 et
818 3435 980 3499 grammatica
1000 3435 1125 3500 petitum,
1147 3434 1216 3500 quod
1237 3433 1360 3484 sexcentis

229 3501 451 3551 demonstrativam
467 3500 587 3559 formam,
602 3516 666 3565 qnae
684 3515 771 3549 secun·
819 3501 882 3552 locis
899 3500 1042 3552 confirmari
1072 3500 1141 3550 ossit.
1159 3500 1255 3550 Eadem
1264 3500 1360 3551 medela
1427 3540 1432 3546 .

229 3567 289 3617 dum
306 3574 450 3617 nostrarum
465 3566 609 3630 linguarum
619 3566 713 3616 idioma
720 3565 772 3615 fere
819 3567 916 3631 indiget
936 3567 999 3633 Rep.
1021 3517 1107 3616 bssiB
1124 3573 1172 3620 net
1188 3567 1279 3632 (scribe
1295 3568 1359 3631 Πῶς)

213 3641 409 3700 ἰιριιιιιιιιι
424 3633 550 3682 videntur.
575 3633 699 3698 Exempla
714 3631 770 3681 affe·
820 3636 861 3699 δὴ,
885 3639 940 3702 ἔφη,
965 3637 1002 3686 καὶ
1024 3636 1090 3692 ποίας
1105 3637 1183 3699 lisere.
1208 3632 1275 3693 Vide
1291 3633 1360 3683 Phil.

229 3716 289 3750 ram.
306 3700 374 3750 Phil.
387 3702 417 3748 42
430 3698 459 3750 0.
472 3698 597 3757 Socrates,
609 3698 771 3748 consideratis
821 3702 850 3749 ιι
869 3691 904 3758 b,
920 3701 965 3749 ubi
980 3699 1048 3748 idem
1066 3714 1154 3750 sensus
1170 3699 1214 3750 sed
1230 3699 1360 3749 Graecitas

228 3761 401 3833 voluptatibus
423 3770 448 3815 et
470 3765 600 3815 doloribus
620 3765 771 3829 quibusdam
813 3765 1021 3816 salva-Nihil
1030 3766 1124 3816 mirum
1135 3765 1236 3817 voculas
1284 3774 1360 3830 ,πιῖι,

229 3832 312 3892 falsis,
340 3832 410 3882 allud
432 3846 519 3881 eorum
541 3845 619 3895 genus
643 3831 770 3881 diversum
819 3836 869 3897 ud,
882 3831 1122 3891 nuisimconfusas
1133 3848 1192 3882 esse.
1210 3832 1244 3881 In
1273 3833 1360 3881 hilm

230 3899 322 3957 abiis,
339 3914 404 3963 quos
420 3902 566 3964 persecutus
588 3902 653 3955 erat,
671 3913 697 3947 sa
716 3913 770 3946 sus·
819 3899 854 3956 B,
867 3904 897 3949 ut
909 3899 958 3948 hoc
969 3899 1082 3964 exemplo
1093 3898 1361 3962 dehrngar,legitur--
1469 3906 1471 3910 ⁴

230 3965 307 4030 picari
333 3980 387 4014 esse
410 3970 435 4014 et
461 3963 676 4013 consideraturum
699 3963 770 4012 dicit.
820 3967 890 4024 altsig
911 3973 948 4016 πώ
970 3986 996 4016 ιι
1019 3970 1080 4031 ἡμῶν
1102 3970 1196 4031 μεθήσει
1218 3968 1271 4035 repis
1286 3969 1314 4015 ἀν
1330 3967 1362 4021 εἰς

230 4030 337 4092 Quaerit
353 4031 439 4080 statim
455 4029 609 4080 Protarchus
628 4029 675 4077 hus
694 4030 771 4087 ἡδονὰς
820 4035 883 4089 τέλος
900 4033 1019 4102 ἐπιξιλθῃς
1035 4034 1118 4084 rubrus
1131 4043 1165 4098 τῷ
1176 4034 1240 4097 λόγῳ.
1251 4030 1295 4079 sed
1306 4045 1361 4078 sen.

229 4103 266 4150 και
282 4099 353 4156 lirae
368 4112 515 4160 cognoscere
531 4101 556 4145 et
573 4095 771 4159 dignoscerecu·
822 4113 866 4146 aus
888 4098 994 4162 requirit
1014 4099 1058 4148 πού
1074 4097 1092 4146 i.
1108 4113 1128 4147 e.
1141 4099 1268 4160 profecto.
1300 4094 1361 4143 Om-

230 4165 314 4229 piens:
340 4168 411 4221 Ποίας
434 4164 459 4222 δὴ
482 4167 519 4214 aal
534 4165 677 4227 ncsliyne.
693 4161 779 4212 Phdr.'
821 4163 883 4213 nino
908 4163 1046 4227 absurdum
1071 4167 1096 4214 ori
1122 4181 1159 4214 πω
1173 4172 1241 4211 *cum
1265 4161 1361 4211 futuro.

231 4231 276 4280 261
295 4230 321 4279 'A
337 4232 423 4282 tatros
439 4231 472 4281 del
487 4240 532 4281 τῶι
547 4233 629 4293 λόγων,
648 4230 775 4296 deturpar-
822 4229 856 4278 In
878 4228 946 4279 Phil.
964 4230 995 4277 20
1013 4228 1035 4277 B
1052 4229 1145 4293 legitur
1161 4237 1209 4286 πῶς
1226 4228 1253 4288 δὴ
1268 4231 1307 4279 καὶ
1322 4229 1361 4279 ri·

229 4317 274 4356 τις.
299 4300 358 4348 alle
375 4298 441 4365 ὃιῡρο
457 4299 535 4354 αὐτοις
551 4301 660 4364 παράγων
679 4298 774 4360 ἐξέταζε
821 4314 873 4353 ιωις
897 4295 966 4359 quod
989 4294 1085 4358 flagitm
1107 4290 1182 4361 qiaulo
1199 4300 1256 4344 ante
1272 4301 1363 4359 μνήμην

231 4368 254 4415 τι
277 4368 314 4416 aul
336 4374 382 4420 πῶς
404 4366 508 4426 λέγουσιν.
540 4361 573 4411 In
590 4362 630 4410 his
646 4362 725 4426 igitur
741 4378 773 4413 nc
822 4373 884 4414 τινῶν
898 4376 945 4427 pro
962 4366 1021 4413 roci.
1046 4360 1133 4410 Etiam
1149 4360 1240 4410 horum
1251 4361 1362 4427 plurima

230 4430 388 4480 membratim
405 4429 513 4494 accipias
525 4428 696 4494 quaestionem
707 4427 773 4479 illud
820 4428 849 4477 in
865 4427 943 4478 altero
959 4427 1094 4494 specimine
1110 4427 1234 4492 congessi,
1256 4427 1300 4476 sed
1315 4441 1360 4476 no·

232 4506 281 4554 ιιις
296 4496 373 4546 nimis
389 4510 488 4559 urgens.
513 4495 591 4544 Plura
607 4494 720 4560 exempla
731 4495 772 4544 de-
820 4494 867 4544 lim
883 4510 912 4544 ea
926 4494 980 4543 sine
990 4494 1045 4561 ipso
1056 4494 1162 4543 Platone
1173 4493 1360 4555 circumvagari.

230 4562 343 4612 sidereus
358 4561 443 4612 videat
458 4560 527 4611 Phil.
545 4563 575 4611 33
593 4561 631 4621 D,
649 4561 772 4619 belim
853 4589 885 4599 -
903 4557 1178 4626 Enelni'ri-ltyo
1214 4560 1271 4624 '-]
1294 4559 1361 4627 Quis

231 4627 270 4689 1),
291 4627 370 4680 Polit.
387 4629 436 4678 310
452 4627 493 4688 Β,
509 4627 645 4694 ccepti.
660 4629 710 4676 236
726 4626 772 4688 lt,
821 4631 872 4688 est,
883 4627 929 4692 qui
938 4627 1150 4692 haecintelllget?
1193 4627 1279 4686 bicst,
1291 4623 1361 4690 quod

1184 4713 1201 4767 3
