3030 5294
616 251 1087 360 Pnonncouaua‘
1130 307 1132 312 ·
1377 311 1395 355 v
1451 274 1453 279 '

272 498 365 563 tendo
396 500 505 584 igitur,
531 487 600 563 oum
623 505 684 564 ιιιι
708 505 805 564 certae
832 504 862 563 et
883 502 1056 562 constantes
1078 496 1140 561 sint
1154 494 1395 580 ,argumentatio-

271 627 345 669 num
376 605 539 681 formulac,
571 605 787 689 particularum
818 604 877 667 vim
908 624 1011 668 earum
1041 603 1164 680 saltem,
1188 624 1265 687 quae
1288 602 1320 666 in
1342 601 1394 666 his

271 710 392 775 Platoni
416 719 618 795 usurpantur,
642 710 752 775 certius
775 731 812 774 ex
834 710 871 774 iis
894 707 1036 793 cognosci
1059 730 1148 792 posse
1167 714 1199 774 et
1218 708 1283 772 sine
1299 705 1396 773 dnbio

271 816 390 881 facilius
413 837 535 901 quoque
559 838 649 900 quam
674 837 710 879 ex
733 815 839 899 quavis
856 815 915 879 alia
931 812 1044 898 dialogi
1053 808 1155 899 parte.
1179 812 1271 894 Quod
1287 813 1395 900 quanti

165 939 169 946 ’
271 923 415 987 momenti
440 923 480 986 sit
502 932 533 987 et
556 943 647 1006 quam
670 922 789 985 firmum
813 927 983 986 accentum
1006 919 1160 985 criterium
1177 918 1395 1004 particularum
1417 908 1419 919 ι

271 1022 429 1112 inquisitio
460 1027 654 1112 suppeditare
688 1028 784 1111 possit
815 1036 868 1090 ant
896 1027 994 1111 ipsum
1018 1025 1174 1090 Platonem
1200 1024 1395 1111 emendaturo

273 1139 326 1196 ant
349 1132 543 1218 supposititia
565 1133 743 1217 explosuro,
768 1140 821 1197 aut
844 1132 1099 1196 Platonismorum
1122 1139 1294 1209 venatores,
1323 1151 1396 1215 quo·

272 1260 340 1302 rum
364 1239 501 1323 princeps
528 1237 682 1303 Lucienus
692 1286 702 1316 ‚
712 1270 713 1273 ¹
725 1237 930 1320 castigaturo,
953 1235 1109 1321 apparebit
1124 1236 1296 1320 inspicienti
1313 1235 1395 1301 dicta

274 1342 311 1406 ad
328 1344 392 1406 452
409 1344 437 1410 A
453 1343 532 1407 etad
545 1345 610 1406 498
625 1341 662 1427 E,
680 1342 733 1407 nbi
749 1343 863 1407 correxi
878 1345 907 1407 ἐν
926 1340 1038 1423 capobp
1050 1342 1150 1406 locum
1162 1364 1198 1406 ex
1214 1341 1394 1420 Phaedone,

274 1469 364 1532 quem
394 1470 434 1514 ne
457 1457 631 1533 suspectum
656 1448 779 1532 quidem
802 1446 910 1512 habere
934 1455 1034 1532 potest
1056 1446 1245 1531 syllogismos
1268 1469 1330 1512 non
1353 1445 1392 1512 de

230 1571 233 1580 ·
275 1553 427 1629 industria
449 1561 655 1637 perscrutatus
677 1553 954 1639 particularumque
971 1538 1038 1617 ¹uini
1060 1553 1092 1616 in
1115 1553 1152 1616 iis
1173 1561 1393 1637 usurpatarnm.

272 1657 387 1722 Verum
416 1659 495 1723 enim
526 1681 595 1724 vero
619 1666 664 1723 est
688 1659 737 1724 hic
759 1682 883 1744 campus
906 1659 1089 1735 latissimus,
1111 1666 1144 1740 ,et
1168 1659 1241 1722 haec
1263 1657 1392 1744 exquisi-

275 1764 392 1828 tissima
421 1764 577 1829 Atticismi
606 1764 676 1828 Plat
663 1765 756 1831 tonici
780 1788 847 1883 pers
870 1765 1013 1831 maximas
1038 1763 1129 1829 habet
1143 1771 1222 1829 caut
1223 1763 1317 1836 iones.
1355 1763 1394 1828 Ic

273 1870 430 2038 particulis
454 1870 533 1933 enim
557 1877 602 1934 est
626 1871 713 1960 quasi
736 1871 803 1935 fast
781 1871 890 1955 trgium
915 1873 979 1936 Att'
958 1880 1035 1936 ιιιιι
1057 1871 1223 1955 elegantiae
1239 1877 1269 1934 et
1286 1891 1391 1935 venus

273 1974 353 2039 atis.
393 1974 480 2038 In‘'
460 1997 497 2038 ne
528 1975 711 2041 admiramur
736 1976 917 2042 urbanitatis
947 1974 1018 2041 subt
1019 1976 1099 2042 ilitat
1086 1985 1146 2042 tern
1179 1998 1248 2041 cum
1275 1997 1394 2041 summa
1508 1968 1510 1979 '

255 2077 427 2145 'varietata
386 2078 570 2160 tQuam
602 2103 671 2147 cnm
701 2104 757 2146 nos
787 2082 848 2146 iere
878 2083 998 2165 assequi
1028 2104 1089 2145 non
1113 2081 1283 2166 possimus,
1307 2080 1393 2145 nulla

272 2185 331 2250 alia
356 2207 402 2249 res
425 2185 456 2249 in
480 2185 608 2251 Platone
630 2193 744 2250 tantam
767 2188 959 2272 grammatico
982 2186 1086 2251 afferre
1109 2193 1209 2271 potest
1231 2185 1391 2251 difficulta-

275 2300 345 2355 tem.
388 2289 476 2355 Tales
511 2292 591 2355 enim
622 2312 724 2354 earum
752 2291 918 2356 nonnullae
948 2291 1187 2377 complexiones,
1216 2298 1251 2355 ut
1273 2296 1393 2355 tantum
1450 2360 1453 2364 Α

274 2396 438 2460 sentiamus
462 2396 537 2480 quid
560 2394 620 2460 eibi
641 2395 753 2471 velint,
777 2404 868 2480 atque
890 2397 929 2462 idi
944 2419 997 2481 per
1019 2396 1208 2482 periphrasin
1231 2394 1392 2479 quamdam

273 2501 383 2565 referre
405 2502 575 2586 possimus,
599 2501 651 2567 sed
674 2501 797 2567 omnino
822 2502 935 2567 frustra
957 2523 1100 2566 conemur
1123 2523 1171 2566 eas
1188 2500 1248 2565 alia
1262 2500 1393 2588 quadam

273 2605 379 2690 lingna
400 2606 438 2670 ad
462 2607 586 2672 verbnm
609 2605 657 2670 vel
680 2607 718 2670 ad
742 2628 874 2692 unguem
895 2608 1068 2704 exprimere.
1101 2607 1183 2672 Hace
1199 2607 1318 2672 Atticae
1333 2606 1393 2672 lin-

274 2733 352 2796 guae
375 2734 444 2796 pars
466 2712 664 2797 demumpper
686 2734 718 2776 se
741 2713 934 2778 mollissimae
956 2736 1039 2778 cerae
1062 2714 1156 2778 instar
1179 2712 1216 2776 ad
1239 2713 1391 2797 loquentis

275 2816 431 2882 arbitrium
454 2823 484 2882 et
504 2841 625 2902 sensum
650 2817 792 2883 facillime
808 2820 942 2905 fingitur.
967 2819 1048 2884 Hinc
1062 2820 1093 2885 ιι
1111 2819 1272 2885 nonnullas
1289 2818 1390 2884 earum

274 2922 495 3007 complexiones
517 2922 799 3010 incidimus,·qnae
821 2932 875 2990 aut
897 2925 1047 2990 rarissime
1069 2934 1122 2988 aut
1137 2925 1197 2989 lere
1212 2946 1274 2989 nou
1290 2941 1390 2988 recur-

273 3035 362 3104 runt,
387 3028 460 3111 quia
483 3027 586 3093 eadem
610 3029 760 3093 sententia
783 3029 821 3092 ad
845 3028 924 3093 idem
949 3050 1072 3113 prorsus
1088 3029 1246 3094 arbitrium
1263 3029 1392 3093 dicentis

274 3155 412 3219 expressa
434 3134 647 3220 ommibnsque
668 3132 806 3221 partibus
829 3134 936 3200 similis
958 3134 1019 3199 lere
1042 3157 1103 3200 non
1126 3136 1261 3200 recurrit.
1287 3134 1390 3200 Possis

275 3239 388 3324 duplex
418 3239 634 3324 particularum
661 3262 756 3324 genus
780 3240 983 3324 distinguere,
1008 3262 1136 3325 quarum
1160 3262 1237 3325 quae
1260 3240 1298 3304 ad
1321 3240 1392 3306 alte·

175 3387 181 3398 ·
272 3368 339 3410 rum
372 3347 550 3429 pertinent,¹
572 3344 676 3430 quales
710 3345 834 3410 voculae
865 3347 933 3426 nal,
955 3364 1009 3424 γε,
1036 3370 1095 3429 τι,
1119 3347 1220 3411 ιιιιιιι
1243 3347 1392 3412 accedunt

272 3472 421 3535 suumque
451 3451 483 3514 in
512 3451 550 3514 iis
580 3452 696 3515 varium
727 3462 783 3535 pro'
813 3452 905 3516 varia
928 3452 1076 3516 sententia
1108 3452 1209 3517 locum
1231 3444 1390 3537 occupant.

272 3555 418 3648 Exempla
449 3556 548 3622 videre
579 3557 632 3643 qui
659 3557 763 3641 cupiat
795 3557 924 3623 indicem
948 3558 1051 3634 adeat,
1074 3559 1106 3622 in
1129 3579 1190 3642 quo
1213 3555 1390 3649 hujusmodi

273 3661 487 3746 particularum
511 3661 732 3747 complexiones
754 3663 917 3728 nonnullas
937 3664 1123 3749 recipiendas
1140 3664 1252 3729 curavi.
1275 3663 1390 3729 Verum

273 3766 412 3832 lubenter
427 3766 567 3850 equidem
587 3768 691 3846 fateor,
708 3791 757 3834 me
773 3777 892 3834 tantum
909 3770 1056 3855 quaedam
1072 3769 1273 3854 indagationis
1285 3771 1388 3850 initia,

273 3871 541 3958 quantulacunque
572 3874 649 3949 sint,
681 3875 851 3939 instituisse
878 3883 907 3940 et
938 3876 1024 3961 quasi
1054 3875 1183 3960 digitum
1214 3884 1333 3940 tantum
1357 3877 1390 3944 i'n

273 3977 354 4041 hunc
377 3978 495 4042 criticos
518 3979 630 4044 fontem
655 3980 829 4045 intendisse.

316 4084 364 4148 nd
387 4085 464 4150 hano
487 4085 581 4169 igitur
604 4071 703 4151 rerum
727 4088 861 4152 criticam
885 4095 915 4152 ιι
930 4087 1146 4172 particularum
1163 4087 1388 4173 indagationem

272 4191 430 4276 quamdam
463 4191 539 4284 forte
571 4192 693 4256 fortuna
715 4193 859 4268 delatus,
890 4202 957 4277 post
980 4192 1103 4258 tertium
1128 4194 1278 4278 specimen
1302 4217 1319 4258 a
1341 4217 1389 4259 me

272 4296 401 4379 editum,
436 4304 534 4361 totum
565 4298 688 4363 tandem
711 4299 855 4383 Gorgiam
883 4299 937 4363 hac
964 4300 1080 4363 ratione
1106 4307 1310 4384 perscrutatus
1337 4323 1389 4364 no·

273 4421 338 4462 vam
369 4401 446 4465 hano
481 4401 643 4466 editionem
677 4404 787 4487 paravi.
836 4405 937 4488 Atque
967 4404 1063 4467 nihilo
1092 4405 1191 4468 minus
1214 4404 1284 4469 fidei
1307 4427 1388 4471 nunc

274 4505 347 4570 meis
368 4506 499 4572 inventis
518 4507 631 4601 ¹habe0,
654 4530 744 4593 qnam
768 4530 836 4573 cum
855 4509 982 4594 primum
1000 4509 1089 4595 hujus
1106 4497 1222 4574 critices
1238 4511 1387 4594 specimen
1421 4562 1423 4570 .
