3030 5294
192 331 296 381 mm
552 308 963 377 rnounoonnna.
1041 260 1045 274 ⁸

191 517 322 604 petenda
344 527 434 596 sunt,
460 516 543 584 unde
564 517 762 583 conficiamus
784 517 900 602 dialogi
918 524 1144 603 argumentum.
1183 518 1330 585 Praemit

190 623 285 689 timus
307 632 410 691 autem
434 624 490 689 hos
513 634 576 689 tres
599 624 694 688 locos.
722 622 761 687 In
784 622 857 708 (lap.
873 623 929 690 IV.
947 627 1010 689 520
1028 624 1055 689 ll
1070 624 1226 701 Socrates,
1242 625 1329 699 nulla

188 730 307 796 ratione
330 731 437 796 habita
459 730 532 795 artis
556 751 647 816 quam
671 730 741 814 quis
764 740 918 808 exerceat,
943 731 992 796 vel
1016 732 1149 797 muneris
1173 754 1236 818 quo
1259 733 1329 818 quis

186 835 352 922 fungatur,
383 839 413 902 ἐν
439 836 554 917 νσιιρόδῳ
583 834 683 901 tribus
713 837 776 901 fere
799 836 898 902 verbis
922 836 1102 924 disciplinae
1126 861 1200 904 snae
1223 838 1329 926 (verae

187 941 369 1029 rhetoricae)
392 950 486 1028 caput
508 940 724 1028 complectitur
746 943 812 1008 his:
837 940 927 1009 οιύσόν
948 946 986 1016 ὡς
1007 944 1164 1021 βέλτιστον
1183 941 1256 1011 εἶναι
1276 944 1328 1011 καὶ

157 1086 160 1093 ·
186 1049 225 1122 sic
247 1047 356 1132 ἄριστοι
377 1051 430 1125 σην
452 1051 542 1115 κὺτοῦ
564 1048 655 1116 cislau
677 1048 786 1115 διοικεῖν
808 1049 858 1115 aa)
883 1050 975 1116 πόλιν.
1008 1048 1102 1130 Quod
1124 1051 1166 1115 sic
1183 1051 1328 1137 exprimit

187 1153 363 1241 Xenophon
392 1157 426 1220 in
457 1154 551 1221 Mem.
583 1159 616 1221 1.
645 1159 683 1235 2,
714 1158 775 1220 64:
807 1156 907 1221 colere
929 1156 1033 1238 ἄρεσην
1055 1155 1074 1238 ᾖ
1096 1157 1196 1232 πόλεις
1218 1181 1254 1222 σε
1276 1156 1327 1224 καὶ

185 1256 255 1329 οἷκον
284 1258 318 1328 εὖ
345 1263 460 1329 οἰκοῦσι.
502 1259 541 1326 In
574 1259 649 1347 (lap.
673 1259 748 1327 VII.
779 1262 842 1327 527
868 1260 894 1324 Ε
917 1261 1074 1328 auditores
1096 1261 1263 1328 cohortans
1286 1262 1326 1328 ad

185 1363 375 1433 observanda
396 1374 556 1453 praecepta
578 1389 673 1454 supra
695 1389 714 1432 a
735 1389 768 1431 se
783 1365 856 1432 data
871 1389 967 1453 eaque
982 1366 1126 1433 omuibus
1142 1368 1322 1435 hominibus

185 1473 400 1539 commendans
431 1472 479 1539 his
509 1480 609 1539 totum
640 1494 811 1539 sermonem
834 1473 968 1539 dirimit:
992 1471 1073 1546 οὗτος
1096 1475 1111 1539 ὃ
1133 1472 1248 1555 ἄριστος
1271 1481 1324 1542 σοῦ

184 1578 251 1655 βίον
279 1580 399 1661 τρόπος,
434 1580 488 1655 σὺν
517 1579 694 1655 δικιιιοσύνην
728 1579 778 1644 κον)
812 1581 865 1654 σὴν
895 1579 991 1654 ἄλλην
1023 1581 1127 1661 &paria
1161 1583 1327 1655 ἀσκοῦντας

183 1685 234 1750 nal
267 1683 319 1768 ζῆν
348 1685 398 1751 nat
427 1682 571 1751 redactum.
616 1683 656 1749 In
686 1682 761 1770 Cap.
792 1683 849 1749 VI.
883 1689 945 1750 tal
978 1686 1008 1749 D
1039 1684 1178 1750 Socrates
1200 1709 1233 1750 se
1256 1687 1324 1770 ipse

121 1776 124 1787 ⁸
184 1791 261 1857 dicit
293 1790 393 1856 solum
429 1790 604 1875 aequalium
639 1812 739 1855 veram
775 1791 932 1875 politicam
964 1797 1059 1855 artem
1090 1813 1236 1857 exercere.
1265 1792 1326 1858 ¹Eu

183 1898 233 1963 hi·
262 1905 294 1964 et
323 1897 391 1962 aliis
421 1896 600 1981 hujusmodi
631 1895 707 1960 locis
737 1895 799 1960 fare
827 1897 971 1982 conjiciat
994 1897 1082 1981 quia,
1107 1897 1232 1982 qualem
1254 1897 1325 1963 rhe-

182 2003 310 2069 toricam
342 2002 405 2067 sive
439 2001 596 2087 politicam
630 1999 771 2065 Socrates
804 2001 936 2085 intelligi
975 2002 1067 2066 velit:
1105 2002 1188 2087 quod
1222 2011 1326 2068 tamen

183 2131 221 2174 ex
243 2108 319 2195 Gap.
343 2107 396 2172 III
418 2107 548 2172 elarius.
555 2105 701 2193 prodibit.
740 2105 878 2172 Socrates
902 2107 1096 2193 disciplinam
1119 2095 1205 2173 suam
1229 2107 1326 2174 nomi·

181 2220 238 2279 nat
267 2213 392 2298 quidem
418 2235 519 2278 veram
546 2212 731 2278 rhetoricam
758 2234 860 2277 veram
887 2213 1045 2298 politicam
1072 2223 1185 2290 artem,
1218 2222 1249 2278 et
1277 2236 1325 2280 ex·

180 2319 333 2405 punitae
361 2324 472 2383 tractat
504 2340 570 2382 eam
601 2324 638 2381 ut
668 2325 765 2382 artem
795 2317 894 2400 (513,
929 2319 1026 2405 514),
1059 2320 1173 2405 quippe
1193 2319 1325 2385 virtutes

180 2447 236 2511 pro
267 2424 446 2502 ἐπιστήμαις
475 2447 518 2483 =
547 2424 669 2505 σέχνιιις
704 2423 837 2502 habens,
868 2424 921 2488 sed
952 2435 1113 2490 tamenea
1135 2425 1216 2491 nihil
1239 2448 1325 2492 com-

180 2553 274 2596 mune
301 2530 394 2596 babet
425 2551 495 2594 cum
525 2528 573 2594 his
601 2527 720 2594 artibus
747 2529 870 2614 proprie
893 2529 938 2593 ita
960 2529 1061 2594 dictis.
1105 2528 1219 2596 Omnia
1242 2533 1324 2597 enim

181 2637 219 2702 ab
242 2657 279 2701 ao
300 2636 334 2701 in
357 2634 458 2700 medio
481 2633 605 2719 dialogo
628 2634 787 2720 disputata
807 2641 968 2699 versantur
991 2635 1070 2700 cirea
1093 2636 1216 2701 vivendi
1239 2659 1325 2722 prae·

179 2750 279 2829 cepta.
313 2741 364 2807 Ad
389 2742 463 2806 haec
485 2741 583 2826 igitur
605 2741 678 2806 inde
701 2763 720 2806 a
742 2740 841 2825 primo
864 2740 1014 2825 colloquii
1037 2740 1177 2825 exordio,
1203 2743 1323 2808 audito·

178 2848 265 2914 ribus
294 2848 400 2912 invitis
430 2854 461 2911 et
483 2845 733 2932 imprudentibus
757 2854 788 2911 et
811 2869 901 2932 saepe
924 2868 987 2911 non
1010 2855 1092 2911 recte
1115 2847 1323 2932 intelligenti·

181 2953 257 3033 bus,
284 2960 409 3038 torquet
432 2959 464 3018 et
486 2951 654 3017 identidem
677 2952 798 3017 reducit
820 2975 989 3018 sermonem
1014 2951 1250 3039 quibuscunque
1276 2977 1323 3021 ar-

176 3055 261 3126 tibus
293 3059 461 3125 dialecticis
485 3067 595 3127 utens:
618 3059 702 3144 quod
730 3059 880 3145 imprimis
902 3060 1102 3144 conspicuum
1125 3060 1159 3124 in
1182 3063 1247 3126 491
1273 3060 1320 3140 D,

179 3164 251 3246 uhi,
276 3166 433 3232 occasione
456 3166 508 3230 vix
531 3163 651 3243 oblata,
677 3165 888 3251 quaestionem
911 3165 1078 3230 instituens
1096 3166 1134 3229 de
1149 3171 1321 3251 temperau-

177 3273 223 3338 tia
251 3295 288 3338 ex
311 3272 469 3358 inopinato
493 3270 652 3336 Calliclem
674 3272 864 3356 aggreditur.
905 3270 992 3335 Adeo
1016 3270 1152 3336 diversae
1174 3294 1222 3336 res
1245 3281 1320 3338 sunt

176 3377 386 3465 sophistarum
410 3401 458 3443 ars
481 3377 649 3454 rhetorica,
674 3400 692 3441 a
715 3400 776 3462 qua
798 3386 899 3442 tamen
917 3383 983 3442 tota
998 3377 1168 3462 disputatio
1183 3377 1321 3464 proficis·

177 3483 277 3562 citur,
302 3492 334 3550 et
356 3506 392 3549 ea
407 3507 470 3561 ars,
496 3503 588 3569 quam
603 3483 807 3568 philosophus
823 3484 979 3548 auditores
996 3482 1094 3549 docet.
1130 3483 1222 3548 Illam
1238 3506 1321 3551 exer·

177 3612 249 3656 cens
279 3589 329 3655 cla
357 3596 408 3656 σοῦ
440 3591 662 3668 πολιτευομένου
693 3596 744 3656 σοῦ
774 3589 886 3670 ῥήτορος
910 3589 975 3666 βίον
997 3590 1091 3669 vivit,
1115 3589 1195 3654 hanc
1217 3588 1320 3656 σὸνὲν

178 3695 342 3779 φιλοσοφίᾳ
365 3694 455 3780 (Gap.
479 3694 534 3758 IV.
558 3696 576 3781 q
600 3696 643 3779 2).
672 3694 733 3758 Illa
756 3703 802 3759 est
824 3696 936 3766 πειθοῦς
953 3693 1320 3778 repraesentaturam

177 3801 232 3880 γὸς
262 3800 360 3887 (453,
392 3802 488 3883 459),
513 3800 586 3865 haec
609 3799 794 3881 σωφροσύνης
818 3808 848 3863 et
871 3799 1048 3875 δικαιοσύνης
1071 3799 1121 3865 acal
1144 3808 1198 3875 σῆς
1221 3798 1319 3877 ἄλλης

177 3909 282 3989 uiperae
306 3907 409 3994 (504).
444 3905 555 3993 Neque
578 3904 643 3970 ulla
665 3915 751 3990 parte
774 3906 854 3970 inter
877 3928 910 3970 se
933 3906 1047 3971 similes
1070 3906 1174 3971 rhetor
1197 3907 1318 3993 sophis·

176 4013 258 4080 tiens
280 4020 313 4079 et
332 4013 438 4079 rhetor
460 4011 633 4078 Socraticus
656 4013 718 4075 sive
742 4034 841 4076 verus.
880 4011 987 4078 Bonus
1011 4013 1058 4076 vir
1080 4019 1175 4077 artem
1199 4012 1316 4078 callens

176 4132 208 4186 et
239 4138 399 4199 exercens,
431 4120 520 4215 eujus
549 4124 710 4204 praecepta
741 4117 880 4182 Socrates
915 4118 1010 4183 tradit
1033 4123 1064 4182 et
1085 4118 1118 4181 in
1142 4118 1262 4202 agendo
1285 4128 1317 4186 et

174 4227 306 4292 diceudo
337 4231 399 4292 tam
429 4225 571 4311 privatim
602 4246 695 4308 quam
728 4224 850 4310 publice
880 4225 946 4309 ipse
971 4222 1131 4302 observat,
1156 4231 1204 4288 est
1225 4246 1316 4290 verus

173 4332 287 4399 rhetor.
322 4331 433 4411 Qualis
459 4340 505 4395 est
523 4368 573 4383 ,..
595 4331 640 4394 sic
660 4329 724 4395 fere
747 4339 982 4414 argumentatur
999 4329 1137 4394 Socrates
1153 4367 1198 4380 -
1214 4330 1315 4414 qualis

175 4445 222 4504 est
244 4441 259 4502 δ
282 4435 388 4508 reatae
410 4437 541 4521 aratra,
567 4438 581 4502 d
603 4438 640 4509 ὡς
663 4437 776 4510 ἀληθῶς
799 4437 883 4517 duic,
913 4444 943 4500 et
967 4458 1056 4521 quem
1081 4457 1209 4521 scopum
1232 4458 1317 4522 speo-

174 4551 245 4608 tans
267 4542 326 4608 sibi
348 4541 478 4627 aliisque
502 4541 594 4624 vivit,
619 4541 688 4607 talis
711 4564 776 4607 esse
799 4540 890 4606 debet
913 4540 1061 4619 ὅμέλλων
1074 4542 1156 4621 ὀρθῶς
1172 4542 1315 4622 ῥητορικὸς

1499 2940 1508 3079 l
