<?xml version="1.0" encoding="UTF-8"?>
<!DOCTYPE html PUBLIC "-//W3C//DTD XHTML 1.0 Transitional//EN"
    "http://www.w3.org/TR/xhtml1/DTD/xhtml1-transitional.dtd">
<html xmlns="http://www.w3.org/1999/xhtml" xml:lang="en" lang="en">
 <head>
  <title>
</title>
<meta http-equiv="Content-Type" content="text/html;charset=utf-8" />
  <meta name='ocr-system' content='tesseract 3.04.00' />
  <meta name='ocr-capabilities' content='ocr_page ocr_carea ocr_par ocr_line ocrx_word'/>
</head>
<body>
  <div class='ocr_page' id='page_1' title='image "./platonisgorgias01platgoog/platonisgorgias01platgoog_0013.png"; bbox 0 0 3030 5294; ppageno 0'>
   <div class='ocr_carea' id='block_1_1' title="bbox 248 305 1002 372">
    <p class='ocr_par' dir='ltr' id='par_1_1' title="bbox 248 305 1002 372">
     <span class='ocr_line' id='line_1_1' title="bbox 248 305 1002 372; baseline 0 0"><span class='ocrx_word' id='word_1_1' title='bbox 248 326 283 372; x_wconf 85' lang='lat' dir='ltr'><strong>vr</strong></span> <span class='ocrx_word' id='word_1_2' title='bbox 604 305 1002 372; x_wconf 78' lang='lat' dir='ltr'>PROLEGOMENA.</span> 
     </span>
    </p>
   </div>
   <div class='ocr_carea' id='block_1_2' title="bbox 160 509 1456 2394">
    <p class='ocr_par' dir='ltr' id='par_1_2' title="bbox 160 509 1456 1338">
     <span class='ocr_line' id='line_1_2' title="bbox 249 509 1371 596; baseline -0.001 -21"><span class='ocrx_word' id='word_1_3' title='bbox 249 510 378 576; x_wconf 87' lang='lat' dir='ltr'><strong>ederem.</strong></span> <span class='ocrx_word' id='word_1_4' title='bbox 420 510 533 576; x_wconf 79' lang='lat' dir='ltr'><strong>Adhuc</strong></span> <span class='ocrx_word' id='word_1_5' title='bbox 562 511 658 596; x_wconf 84' lang='lat' dir='ltr'><strong>igitur</strong></span> <span class='ocrx_word' id='word_1_6' title='bbox 687 510 855 590; x_wconf 90' lang='lat' dir='ltr'><strong>contendo,</strong></span> <span class='ocrx_word' id='word_1_7' title='bbox 883 510 1093 596; x_wconf 73' lang='lat' dir='ltr'><strong>syllogismum</strong></span> <span class='ocrx_word' id='word_1_8' title='bbox 1117 509 1304 575; x_wconf 77' lang='lat' dir='ltr'><strong>Somsticum</strong></span> <span class='ocrx_word' id='word_1_9' title='bbox 1327 512 1371 574; x_wconf 88' lang='lat' dir='ltr'><strong>ita</strong></span> 
     </span>
     <span class='ocr_line' id='line_1_3' title="bbox 248 615 1369 702; baseline 0 -21"><span class='ocrx_word' id='word_1_10' title='bbox 248 624 453 701; x_wconf 88' lang='lat' dir='ltr'><strong>comparatum</strong></span> <span class='ocrx_word' id='word_1_11' title='bbox 477 639 561 696; x_wconf 89' lang='lat' dir='ltr'><strong>esse,</strong></span> <span class='ocrx_word' id='word_1_12' title='bbox 584 625 621 681; x_wconf 91' lang='lat' dir='ltr'><strong>ut</strong></span> <span class='ocrx_word' id='word_1_13' title='bbox 640 618 705 702; x_wconf 84' lang='lat' dir='ltr'><strong>ipse</strong></span> <span class='ocrx_word' id='word_1_14' title='bbox 720 618 808 682; x_wconf 90' lang='lat' dir='ltr'><strong>metri</strong></span> <span class='ocrx_word' id='word_1_15' title='bbox 824 619 921 682; x_wconf 85' lang='lat' dir='ltr'><strong>instar</strong></span> <span class='ocrx_word' id='word_1_16' title='bbox 935 615 1095 695; x_wconf 75' lang='lat' dir='ltr'><strong>subveniat</strong></span> <span class='ocrx_word' id='word_1_17' title='bbox 1110 617 1249 695; x_wconf 88' lang='lat' dir='ltr'><strong>criticae,</strong></span> <span class='ocrx_word' id='word_1_18' title='bbox 1266 638 1369 701; x_wconf 90' lang='lat' dir='ltr'><strong>quem·</strong></span> 
     </span>
     <span class='ocr_line' id='line_1_4' title="bbox 248 722 1368 808; baseline 0.001 -21"><span class='ocrx_word' id='word_1_19' title='bbox 248 722 411 788; x_wconf 83' lang='lat' dir='ltr'><strong>admodum</strong></span> <span class='ocrx_word' id='word_1_20' title='bbox 435 723 580 808; x_wconf 87' lang='lat' dir='ltr'><strong>exemplis</strong></span> <span class='ocrx_word' id='word_1_21' title='bbox 603 723 722 788; x_wconf 77' lang='lat' dir='ltr'><strong>ostendi</strong></span> <span class='ocrx_word' id='word_1_22' title='bbox 744 725 776 788; x_wconf 91' lang='lat' dir='ltr'><strong>in</strong></span> <span class='ocrx_word' id='word_1_23' title='bbox 800 725 898 808; x_wconf 89' lang='lat' dir='ltr'><strong>primo</strong></span> <span class='ocrx_word' id='word_1_24' title='bbox 920 723 1094 808; x_wconf 70' lang='lat' dir='ltr'><strong>specimine.</strong></span> <span class='ocrx_word' id='word_1_25' title='bbox 1126 722 1177 786; x_wconf 92' lang='lat' dir='ltr'><strong>Ita</strong></span> <span class='ocrx_word' id='word_1_26' title='bbox 1198 722 1279 787; x_wconf 89' lang='lat' dir='ltr'><strong>enim</strong></span> <span class='ocrx_word' id='word_1_27' title='bbox 1304 745 1368 788; x_wconf 85' lang='lat' dir='ltr'><strong>sese</strong></span> 
     </span>
     <span class='ocr_line' id='line_1_5' title="bbox 248 826 1369 913; baseline -0.002 -19"><span class='ocrx_word' id='word_1_28' title='bbox 248 826 360 895; x_wconf 84' lang='lat' dir='ltr'><strong>babent</strong></span> <span class='ocrx_word' id='word_1_29' title='bbox 390 826 447 895; x_wconf 85' lang='lat' dir='ltr'><strong>hae</strong></span> <span class='ocrx_word' id='word_1_30' title='bbox 475 830 706 913; x_wconf 88' lang='lat' dir='ltr'><strong>argumentandi</strong></span> <span class='ocrx_word' id='word_1_31' title='bbox 728 829 891 906; x_wconf 79' lang='lat' dir='ltr'><strong>formulae,</strong></span> <span class='ocrx_word' id='word_1_32' title='bbox 917 837 952 894; x_wconf 91' lang='lat' dir='ltr'><strong>ut</strong></span> <span class='ocrx_word' id='word_1_33' title='bbox 975 850 1012 894; x_wconf 87' lang='lat' dir='ltr'><strong>ex</strong></span> <span class='ocrx_word' id='word_1_34' title='bbox 1034 831 1072 896; x_wconf 93' lang='lat' dir='ltr'><strong>iis</strong></span> <span class='ocrx_word' id='word_1_35' title='bbox 1095 828 1217 895; x_wconf 89' lang='lat' dir='ltr'><strong>demum</strong></span> <span class='ocrx_word' id='word_1_36' title='bbox 1240 837 1316 912; x_wconf 87' lang='lat' dir='ltr'><strong>quot</strong></span> <span class='ocrx_word' id='word_1_37' title='bbox 1339 838 1369 893; x_wconf 82' lang='lat' dir='ltr'><strong>et</strong></span> 
     </span>
     <span class='ocr_line' id='line_1_6' title="bbox 247 934 1369 1021; baseline 0 -22"><span class='ocrx_word' id='word_1_38' title='bbox 247 934 417 1020; x_wconf 87' lang='lat' dir='ltr'><strong>cujusmodi</strong></span> <span class='ocrx_word' id='word_1_39' title='bbox 440 935 512 1000; x_wconf 79' lang='lat' dir='ltr'><strong>vitia</strong></span> <span class='ocrx_word' id='word_1_40' title='bbox 533 941 636 999; x_wconf 90' lang='lat' dir='ltr'><strong>textus</strong></span> <span class='ocrx_word' id='word_1_41' title='bbox 659 937 858 1020; x_wconf 73' lang='lat' dir='ltr'>contraxerit,</span> <span class='ocrx_word' id='word_1_42' title='bbox 879 937 969 1002; x_wconf 84' lang='lat' dir='ltr'><strong>verbo</strong></span> <span class='ocrx_word' id='word_1_43' title='bbox 992 945 1028 1002; x_wconf 88' lang='lat' dir='ltr'><strong>ut</strong></span> <span class='ocrx_word' id='word_1_44' title='bbox 1049 937 1165 1014; x_wconf 90' lang='lat' dir='ltr'><strong>dicam,</strong></span> <span class='ocrx_word' id='word_1_45' title='bbox 1183 958 1260 1021; x_wconf 90' lang='lat' dir='ltr'><strong>qnae</strong></span> <span class='ocrx_word' id='word_1_46' title='bbox 1277 935 1369 1001; x_wconf 85' lang='lat' dir='ltr'><strong>fuerit</strong></span> 
     </span>
     <span class='ocr_line' id='line_1_7' title="bbox 160 1040 1368 1127; baseline -0.001 -20"><span class='ocrx_word' id='word_1_47' title='bbox 160 1102 162 1107; x_wconf 79' lang='grc'>,</span> <span class='ocrx_word' id='word_1_48' title='bbox 248 1063 312 1106; x_wconf 81' lang='lat' dir='ltr'><strong>sors</strong></span> <span class='ocrx_word' id='word_1_49' title='bbox 331 1042 397 1124; x_wconf 80' lang='lat' dir='ltr'><strong>ejus</strong></span> <span class='ocrx_word' id='word_1_50' title='bbox 420 1040 534 1106; x_wconf 86' lang='lat' dir='ltr'><strong>discere</strong></span> <span class='ocrx_word' id='word_1_51' title='bbox 557 1041 716 1126; x_wconf 83' lang='lat' dir='ltr'><strong>possimus.</strong></span> <span class='ocrx_word' id='word_1_52' title='bbox 757 1042 865 1126; x_wconf 88' lang='lat' dir='ltr'><strong>ltaque</strong></span> <span class='ocrx_word' id='word_1_53' title='bbox 887 1042 961 1108; x_wconf 86' lang='lat' dir='ltr'><strong>haee</strong></span> <span class='ocrx_word' id='word_1_54' title='bbox 983 1043 1173 1127; x_wconf 79' lang='lat' dir='ltr'><strong>dialogorum</strong></span> <span class='ocrx_word' id='word_1_55' title='bbox 1197 1042 1368 1108; x_wconf 85' lang='lat' dir='ltr'><strong>Platonico·</strong></span> 
     </span>
     <span class='ocr_line' id='line_1_8' title="bbox 247 1148 1456 1233; baseline -0.001 -22"><span class='ocrx_word' id='word_1_56' title='bbox 247 1168 315 1211; x_wconf 89' lang='lat' dir='ltr'><strong>rum</strong></span> <span class='ocrx_word' id='word_1_57' title='bbox 339 1169 407 1231; x_wconf 89' lang='lat' dir='ltr'><strong>pars</strong></span> <span class='ocrx_word' id='word_1_58' title='bbox 429 1169 482 1232; x_wconf 89' lang='lat' dir='ltr'><strong>per</strong></span> <span class='ocrx_word' id='word_1_59' title='bbox 504 1169 536 1211; x_wconf 90' lang='lat' dir='ltr'><strong>se</strong></span> <span class='ocrx_word' id='word_1_60' title='bbox 558 1168 681 1232; x_wconf 87' lang='lat' dir='ltr'><strong>prorsus</strong></span> <span class='ocrx_word' id='word_1_61' title='bbox 703 1148 883 1225; x_wconf 61' lang='lat' dir='ltr'><strong>currem</strong></span> <span class='ocrx_word' id='word_1_62' title='bbox 908 1156 954 1212; x_wconf 88' lang='lat' dir='ltr'><strong>est</strong></span> <span class='ocrx_word' id='word_1_63' title='bbox 976 1149 1063 1233; x_wconf 86' lang='lat' dir='ltr'><strong>quasi</strong></span> <span class='ocrx_word' id='word_1_64' title='bbox 1087 1148 1235 1233; x_wconf 82' lang='lat' dir='ltr'><strong>palaestra</strong></span> <span class='ocrx_word' id='word_1_65' title='bbox 1259 1149 1368 1231; x_wconf 85' lang='lat' dir='ltr'><strong>inqua</strong></span> <span class='ocrx_word' id='word_1_66' title='bbox 1453 1172 1456 1176; x_wconf 67' lang='grc'><em>’</em></span> 
     </span>
     <span class='ocr_line' id='line_1_9' title="bbox 248 1252 1368 1338; baseline -0.001 -22"><span class='ocrx_word' id='word_1_67' title='bbox 248 1252 317 1336; x_wconf 90' lang='lat' dir='ltr'><strong>quis</strong></span> <span class='ocrx_word' id='word_1_68' title='bbox 332 1252 508 1336; x_wconf 87' lang='lat' dir='ltr'><strong>omnigenae</strong></span> <span class='ocrx_word' id='word_1_69' title='bbox 523 1252 648 1317; x_wconf 85' lang='lat' dir='ltr'><strong>mendas</strong></span> <span class='ocrx_word' id='word_1_70' title='bbox 668 1252 806 1330; x_wconf 89' lang='lat' dir='ltr'><strong>eluendi,</strong></span> <span class='ocrx_word' id='word_1_71' title='bbox 828 1253 1035 1318; x_wconf 86' lang='lat' dir='ltr'><strong>additamenta</strong></span> <span class='ocrx_word' id='word_1_72' title='bbox 1050 1254 1204 1338; x_wconf 88' lang='lat' dir='ltr'><strong>ejiciendi,</strong></span> <span class='ocrx_word' id='word_1_73' title='bbox 1220 1253 1368 1337; x_wconf 80' lang='lat' dir='ltr'><strong>imprimis</strong></span> 
     </span>
    </p>

    <p class='ocr_par' dir='ltr' id='par_1_3' title="bbox 247 1356 1367 1445">
     <span class='ocr_line' id='line_1_10' title="bbox 247 1356 1367 1445; baseline 0 -24"><span class='ocrx_word' id='word_1_74' title='bbox 247 1365 348 1438; x_wconf 83' lang='lat' dir='ltr'><strong>autem</strong></span> <span class='ocrx_word' id='word_1_75' title='bbox 370 1357 494 1423; x_wconf 86' lang='lat' dir='ltr'><strong>lacunas</strong></span> <span class='ocrx_word' id='word_1_76' title='bbox 517 1356 658 1443; x_wconf 84' lang='lat' dir='ltr'><strong>explendi</strong></span> <span class='ocrx_word' id='word_1_77' title='bbox 681 1366 750 1423; x_wconf 88' lang='lat' dir='ltr'><strong>tuto</strong></span> <span class='ocrx_word' id='word_1_78' title='bbox 774 1359 941 1443; x_wconf 87' lang='lat' dir='ltr'><strong>periculum</strong></span> <span class='ocrx_word' id='word_1_79' title='bbox 960 1359 1067 1436; x_wconf 85' lang='lat' dir='ltr'><strong>iaciat,</strong></span> <span class='ocrx_word' id='word_1_80' title='bbox 1084 1361 1198 1445; x_wconf 83' lang='lat' dir='ltr'><strong>quippo</strong></span> <span class='ocrx_word' id='word_1_81' title='bbox 1213 1382 1231 1423; x_wconf 94' lang='lat' dir='ltr'><strong>a</strong></span> <span class='ocrx_word' id='word_1_82' title='bbox 1247 1356 1367 1423; x_wconf 90' lang='lat' dir='ltr'><strong>duabus</strong></span> 
     </span>
    </p>

    <p class='ocr_par' dir='ltr' id='par_1_4' title="bbox 247 1462 1369 1549">
     <span class='ocr_line' id='line_1_11' title="bbox 247 1462 1369 1549; baseline 0.002 -23"><span class='ocrx_word' id='word_1_83' title='bbox 247 1463 431 1540; x_wconf 88' lang='lat' dir='ltr'><strong>instructus,</strong></span> <span class='ocrx_word' id='word_1_84' title='bbox 457 1471 487 1527; x_wconf 92' lang='lat' dir='ltr'><strong>et</strong></span> <span class='ocrx_word' id='word_1_85' title='bbox 509 1486 527 1527; x_wconf 88' lang='lat' dir='ltr'><strong>a</strong></span> <span class='ocrx_word' id='word_1_86' title='bbox 549 1464 706 1531; x_wconf 90' lang='lat' dir='ltr'><strong>dialectica</strong></span> <span class='ocrx_word' id='word_1_87' title='bbox 727 1464 817 1529; x_wconf 88' lang='lat' dir='ltr'><strong>etiam</strong></span> <span class='ocrx_word' id='word_1_88' title='bbox 838 1465 964 1529; x_wconf 76' lang='lat' dir='ltr'><strong>certiore</strong></span> <span class='ocrx_word' id='word_1_89' title='bbox 981 1462 1057 1530; x_wconf 88' lang='lat' dir='ltr'><strong>duce&#39;</strong></span> <span class='ocrx_word' id='word_1_90' title='bbox 1073 1486 1162 1549; x_wconf 89' lang='lat' dir='ltr'><strong>quam</strong></span> <span class='ocrx_word' id='word_1_91' title='bbox 1178 1473 1307 1530; x_wconf 86' lang='lat' dir='ltr'><strong>metrum</strong></span> <span class='ocrx_word' id='word_1_92' title='bbox 1323 1470 1369 1529; x_wconf 87' lang='lat' dir='ltr'><strong>est</strong></span> 
     </span>
    </p>

    <p class='ocr_par' dir='ltr' id='par_1_5' title="bbox 248 1569 1369 1662">
     <span class='ocr_line' id='line_1_12' title="bbox 248 1569 1369 1662; baseline -0.001 -29"><span class='ocrx_word' id='word_1_93' title='bbox 248 1575 368 1653; x_wconf 89' lang='lat' dir='ltr'><strong>poetam</strong></span> <span class='ocrx_word' id='word_1_94' title='bbox 390 1569 579 1662; x_wconf 76' lang='lat' dir='ltr'><strong>emendanti,</strong></span> <span class='ocrx_word' id='word_1_95' title='bbox 603 1577 634 1634; x_wconf 88' lang='lat' dir='ltr'><strong>et</strong></span> <span class='ocrx_word' id='word_1_96' title='bbox 656 1570 891 1654; x_wconf 84' lang='lat' dir='ltr'><strong>agrammatica.</strong></span> <span class='ocrx_word' id='word_1_97' title='bbox 919 1569 1011 1649; x_wconf 76' lang='lat' dir='ltr'><strong>Quod</strong></span> <span class='ocrx_word' id='word_1_98' title='bbox 1029 1593 1088 1634; x_wconf 91' lang='lat' dir='ltr'><strong>non</strong></span> <span class='ocrx_word' id='word_1_99' title='bbox 1105 1571 1210 1654; x_wconf 86' lang='lat' dir='ltr'><strong>paucis</strong></span> <span class='ocrx_word' id='word_1_100' title='bbox 1225 1569 1369 1655; x_wconf 87' lang='lat' dir='ltr'><strong>exemplis</strong></span> 
     </span>
    </p>

    <p class='ocr_par' dir='ltr' id='par_1_6' title="bbox 247 1673 1371 1762">
     <span class='ocr_line' id='line_1_13' title="bbox 247 1673 1371 1762; baseline 0.004 -25"><span class='ocrx_word' id='word_1_101' title='bbox 247 1673 280 1737; x_wconf 89' lang='lat' dir='ltr'><strong>in</strong></span> <span class='ocrx_word' id='word_1_102' title='bbox 303 1673 399 1739; x_wconf 87' lang='lat' dir='ltr'><strong>altero</strong></span> <span class='ocrx_word' id='word_1_103' title='bbox 422 1681 453 1738; x_wconf 93' lang='lat' dir='ltr'><strong>et</strong></span> <span class='ocrx_word' id='word_1_104' title='bbox 471 1674 561 1740; x_wconf 88' lang='lat' dir='ltr'><strong>tertio</strong></span> <span class='ocrx_word' id='word_1_105' title='bbox 576 1676 740 1760; x_wconf 86' lang='lat' dir='ltr'><strong>specimine</strong></span> <span class='ocrx_word' id='word_1_106' title='bbox 756 1675 966 1741; x_wconf 81' lang='lat' dir='ltr'><strong>demonstravi.</strong></span> <span class='ocrx_word' id='word_1_107' title='bbox 997 1675 1102 1740; x_wconf 87' lang='lat' dir='ltr'><strong>Unum</strong></span> <span class='ocrx_word' id='word_1_108' title='bbox 1118 1683 1220 1741; x_wconf 85' lang='lat' dir='ltr'><strong>autem</strong></span> <span class='ocrx_word' id='word_1_109' title='bbox 1235 1681 1371 1762; x_wconf 88' lang='lat' dir='ltr'><strong>superest</strong></span> 
     </span>
    </p>

    <p class='ocr_par' dir='ltr' id='par_1_7' title="bbox 248 1776 1368 1866">
     <span class='ocr_line' id='line_1_14' title="bbox 248 1776 1368 1866; baseline 0.004 -24"><span class='ocrx_word' id='word_1_110' title='bbox 248 1776 331 1864; x_wconf 90' lang='lat' dir='ltr'><strong>quod</strong></span> <span class='ocrx_word' id='word_1_111' title='bbox 354 1779 489 1844; x_wconf 89' lang='lat' dir='ltr'><strong>nondum</strong></span> <span class='ocrx_word' id='word_1_112' title='bbox 513 1801 641 1864; x_wconf 87' lang='lat' dir='ltr'><strong>usquam</strong></span> <span class='ocrx_word' id='word_1_113' title='bbox 665 1781 770 1865; x_wconf 89' lang='lat' dir='ltr'><strong>attigi,</strong></span> <span class='ocrx_word' id='word_1_114' title='bbox 795 1781 927 1865; x_wconf 79' lang='lat' dir='ltr'><strong>Gorgiae</strong></span> <span class='ocrx_word' id='word_1_115' title='bbox 946 1789 1157 1866; x_wconf 89' lang='lat' dir='ltr'><strong>argumentum</strong></span> <span class='ocrx_word' id='word_1_116' title='bbox 1179 1781 1241 1846; x_wconf 82' lang='lat' dir='ltr'><strong>sire</strong></span> <span class='ocrx_word' id='word_1_117' title='bbox 1257 1781 1368 1846; x_wconf 86' lang='lat' dir='ltr'><strong>thema.</strong></span> 
     </span>
    </p>

    <p class='ocr_par' dir='ltr' id='par_1_8' title="bbox 249 1883 1367 1971">
     <span class='ocr_line' id='line_1_15' title="bbox 249 1883 1367 1971; baseline 0.001 -23"><span class='ocrx_word' id='word_1_118' title='bbox 249 1883 299 1948; x_wconf 76' lang='lat' dir='ltr'><strong>Ad</strong></span> <span class='ocrx_word' id='word_1_119' title='bbox 331 1884 388 1950; x_wconf 89' lang='lat' dir='ltr'><strong>hoc</strong></span> <span class='ocrx_word' id='word_1_120' title='bbox 418 1885 513 1970; x_wconf 89' lang='lat' dir='ltr'><strong>igitur</strong></span> <span class='ocrx_word' id='word_1_121' title='bbox 534 1885 749 1951; x_wconf 83' lang='lat' dir='ltr'><strong>inveniendum</strong></span> <span class='ocrx_word' id='word_1_122' title='bbox 772 1887 895 1951; x_wconf 88' lang='lat' dir='ltr'><strong>tandem</strong></span> <span class='ocrx_word' id='word_1_123' title='bbox 919 1887 1010 1951; x_wconf 90' lang='lat' dir='ltr'><strong>etiam</strong></span> <span class='ocrx_word' id='word_1_124' title='bbox 1032 1886 1214 1971; x_wconf 75' lang='lat' dir='ltr'><strong>syllogismis</strong></span> <span class='ocrx_word' id='word_1_125' title='bbox 1238 1885 1367 1951; x_wconf 87' lang='lat' dir='ltr'><strong>ducibus</strong></span> 
     </span>
    </p>

    <p class='ocr_par' dir='ltr' id='par_1_9' title="bbox 251 1989 1368 2084">
     <span class='ocr_line' id='line_1_16' title="bbox 251 1989 1368 2084; baseline 0 -30"><span class='ocrx_word' id='word_1_126' title='bbox 251 2011 325 2054; x_wconf 89' lang='lat' dir='ltr'><strong>usus</strong></span> <span class='ocrx_word' id='word_1_127' title='bbox 356 2012 433 2055; x_wconf 89' lang='lat' dir='ltr'><strong>snm.</strong></span> <span class='ocrx_word' id='word_1_128' title='bbox 468 1989 583 2057; x_wconf 85' lang='lat' dir='ltr'><strong>Vereor</strong></span> <span class='ocrx_word' id='word_1_129' title='bbox 610 1998 729 2055; x_wconf 86' lang='lat' dir='ltr'><strong>tantum</strong></span> <span class='ocrx_word' id='word_1_130' title='bbox 759 2013 798 2058; x_wconf 90' lang='lat' dir='ltr'><strong>ne</strong></span> <span class='ocrx_word' id='word_1_131' title='bbox 826 1991 907 2076; x_wconf 86' lang='lat' dir='ltr'><strong>qnod</strong></span> <span class='ocrx_word' id='word_1_132' title='bbox 932 1992 988 2056; x_wconf 91' lang='lat' dir='ltr'><strong>bae</strong></span> <span class='ocrx_word' id='word_1_133' title='bbox 1012 1992 1059 2084; x_wconf 82' lang='lat' dir='ltr'><strong>via</strong></span> <span class='ocrx_word' id='word_1_134' title='bbox 1081 1991 1183 2056; x_wconf 84' lang='lat' dir='ltr'><strong>inveni</strong></span> <span class='ocrx_word' id='word_1_135' title='bbox 1203 1992 1236 2056; x_wconf 86' lang='lat' dir='ltr'><strong>¹et</strong></span> <span class='ocrx_word' id='word_1_136' title='bbox 1259 1990 1368 2075; x_wconf 86' lang='lat' dir='ltr'><strong>collegi</strong></span> 
     </span>
    </p>

    <p class='ocr_par' dir='ltr' id='par_1_10' title="bbox 251 2081 1391 2287">
     <span class='ocr_line' id='line_1_17' title="bbox 251 2081 1391 2182; baseline 0.002 -23"><span class='ocrx_word' id='word_1_137' title='bbox 251 2095 371 2182; x_wconf 87' lang='lat' dir='ltr'><strong>planius</strong></span> <span class='ocrx_word' id='word_1_138' title='bbox 399 2105 430 2161; x_wconf 89' lang='lat' dir='ltr'><strong>et</strong></span> <span class='ocrx_word' id='word_1_139' title='bbox 453 2095 619 2181; x_wconf 86' lang='lat' dir='ltr'><strong>simplicius</strong></span> <span class='ocrx_word' id='word_1_140' title='bbox 649 2096 787 2161; x_wconf 88' lang='lat' dir='ltr'><strong>videatur</strong></span> <span class='ocrx_word' id='word_1_141' title='bbox 809 2118 886 2182; x_wconf 82' lang='lat' dir='ltr'><strong>vago</strong></span> <span class='ocrx_word' id='word_1_142' title='bbox 909 2106 1000 2181; x_wconf 89' lang='lat' dir='ltr'><strong>atque</strong></span> <span class='ocrx_word' id='word_1_143' title='bbox 1023 2097 1142 2162; x_wconf 88' lang='lat' dir='ltr'><strong>infinito</strong></span> <span class='ocrx_word' id='word_1_144' title='bbox 1164 2120 1182 2161; x_wconf 88' lang='lat' dir='ltr'><strong>a</strong></span> <span class='ocrx_word' id='word_1_145' title='bbox 1203 2096 1275 2161; x_wconf 81' lang='lat' dir='ltr'><strong>viris</strong></span> <span class='ocrx_word' id='word_1_146' title='bbox 1298 2081 1391 2161; x_wconf 76' lang='lat' dir='ltr'><strong>doc·¹</strong></span> 
     </span>
     <span class='ocr_line' id='line_1_18' title="bbox 251 2201 1116 2287; baseline 0.002 -21"><span class='ocrx_word' id='word_1_147' title='bbox 251 2201 376 2267; x_wconf 88' lang='lat' dir='ltr'><strong>tissimis</strong></span> <span class='ocrx_word' id='word_1_148' title='bbox 397 2209 563 2287; x_wconf 85' lang='lat' dir='ltr'><strong>propagato</strong></span> <span class='ocrx_word' id='word_1_149' title='bbox 585 2202 703 2267; x_wconf 92' lang='lat' dir='ltr'><strong>tamdiu</strong></span> <span class='ocrx_word' id='word_1_150' title='bbox 727 2203 877 2267; x_wconf 84' lang='lat' dir='ltr'><strong>contentis</strong></span> <span class='ocrx_word' id='word_1_151' title='bbox 901 2210 931 2267; x_wconf 86' lang='lat' dir='ltr'><strong>et</strong></span> <span class='ocrx_word' id='word_1_152' title='bbox 953 2203 1116 2268; x_wconf 85' lang='lat' dir='ltr'><strong>consuetis.</strong></span> 
     </span>
    </p>

    <p class='ocr_par' dir='ltr' id='par_1_11' title="bbox 291 2306 1369 2394">
     <span class='ocr_line' id='line_1_19' title="bbox 291 2306 1369 2394; baseline -0.002 -22"><span class='ocrx_word' id='word_1_153' title='bbox 291 2306 451 2372; x_wconf 80' lang='lat' dir='ltr'><strong>Caeterum</strong></span> <span class='ocrx_word' id='word_1_154' title='bbox 475 2330 525 2372; x_wconf 89' lang='lat' dir='ltr'><strong>me</strong></span> <span class='ocrx_word' id='word_1_155' title='bbox 548 2307 752 2392; x_wconf 90' lang='lat' dir='ltr'><strong>quodcunque</strong></span> <span class='ocrx_word' id='word_1_156' title='bbox 774 2309 936 2394; x_wconf 84' lang='lat' dir='ltr'><strong>vestigium</strong></span> <span class='ocrx_word' id='word_1_157' title='bbox 959 2309 992 2374; x_wconf 91' lang='lat' dir='ltr'><strong>in</strong></span> <span class='ocrx_word' id='word_1_158' title='bbox 1015 2307 1170 2373; x_wconf 86' lang='lat' dir='ltr'><strong>codicibus</strong></span> <span class='ocrx_word' id='word_1_159' title='bbox 1191 2306 1369 2394; x_wconf 89' lang='lat' dir='ltr'><strong>hujusmodi</strong></span> 
     </span>
    </p>
   </div>
   <div class='ocr_carea' id='block_1_3' title="bbox 136 2410 1365 2500">
    <p class='ocr_par' dir='ltr' id='par_1_12' title="bbox 136 2410 1365 2500">
     <span class='ocr_line' id='line_1_20' title="bbox 136 2410 1365 2500; baseline -0.002 -22"><span class='ocrx_word' id='word_1_160' title='bbox 136 2480 139 2486; x_wconf 80' lang='grc'>,</span> <span class='ocrx_word' id='word_1_161' title='bbox 250 2421 281 2478; x_wconf 85' lang='lat' dir='ltr'><strong>et</strong></span> <span class='ocrx_word' id='word_1_162' title='bbox 303 2413 506 2500; x_wconf 86' lang='lat' dir='ltr'><strong>cujuscemodi</strong></span> <span class='ocrx_word' id='word_1_163' title='bbox 530 2412 792 2479; x_wconf 85' lang='lat' dir='ltr'><strong>emendationibus</strong></span> <span class='ocrx_word' id='word_1_164' title='bbox 816 2415 972 2498; x_wconf 83' lang='lat' dir='ltr'><strong>suffragari</strong></span> <span class='ocrx_word' id='word_1_165' title='bbox 993 2410 1279 2498; x_wconf 85' lang='lat' dir='ltr'><strong>comperiebam‚·id</strong></span> <span class='ocrx_word' id='word_1_166' title='bbox 1293 2433 1365 2475; x_wconf 91' lang='lat' dir='ltr'><strong>nus·</strong></span> 
     </span>
    </p>
   </div>
   <div class='ocr_carea' id='block_1_4' title="bbox 242 2515 1466 4607">
    <p class='ocr_par' dir='ltr' id='par_1_13' title="bbox 242 2515 1466 4607">
     <span class='ocr_line' id='line_1_21' title="bbox 251 2515 1449 2604; baseline -0.004 -20"><span class='ocrx_word' id='word_1_167' title='bbox 251 2540 340 2604; x_wconf 88' lang='lat' dir='ltr'><strong>qnam</strong></span> <span class='ocrx_word' id='word_1_168' title='bbox 370 2517 556 2604; x_wconf 86' lang='lat' dir='ltr'><strong>neglexisse,</strong></span> <span class='ocrx_word' id='word_1_169' title='bbox 588 2540 650 2589; x_wconf 83' lang='lat' dir='ltr'><strong>nou</strong></span> <span class='ocrx_word' id='word_1_170' title='bbox 679 2540 756 2603; x_wconf 91' lang='lat' dir='ltr'><strong>opus</strong></span> <span class='ocrx_word' id='word_1_171' title='bbox 785 2526 829 2582; x_wconf 88' lang='lat' dir='ltr'><strong>est</strong></span> <span class='ocrx_word' id='word_1_172' title='bbox 852 2540 982 2583; x_wconf 92' lang='lat' dir='ltr'><strong>monere.</strong></span> <span class='ocrx_word' id='word_1_173' title='bbox 1019 2517 1098 2583; x_wconf 89' lang='lat' dir='ltr'><strong>Nam</strong></span> <span class='ocrx_word' id='word_1_174' title='bbox 1122 2519 1200 2582; x_wconf 86' lang='lat' dir='ltr'><strong>hanc</strong></span> <span class='ocrx_word' id='word_1_175' title='bbox 1222 2517 1298 2582; x_wconf 83' lang='lat' dir='ltr'><strong>riam</strong></span> <span class='ocrx_word' id='word_1_176' title='bbox 1322 2515 1367 2580; x_wconf 94' lang='lat' dir='ltr'><strong>in·</strong></span> <span class='ocrx_word' id='word_1_177' title='bbox 1447 2520 1449 2527; x_wconf 80' lang='grc'><strong>“</strong></span> 
     </span>
     <span class='ocr_line' id='line_1_22' title="bbox 250 2622 1368 2710; baseline -0.002 -22"><span class='ocrx_word' id='word_1_178' title='bbox 250 2645 372 2709; x_wconf 87' lang='lat' dir='ltr'><strong>gressus</strong></span> <span class='ocrx_word' id='word_1_179' title='bbox 402 2625 492 2688; x_wconf 88' lang='lat' dir='ltr'><strong>etiam</strong></span> <span class='ocrx_word' id='word_1_180' title='bbox 514 2623 545 2688; x_wconf 94' lang='lat' dir='ltr'><strong>in</strong></span> <span class='ocrx_word' id='word_1_181' title='bbox 568 2623 693 2709; x_wconf 87' lang='lat' dir='ltr'><strong>reliquis</strong></span> <span class='ocrx_word' id='word_1_182' title='bbox 717 2623 830 2708; x_wconf 78' lang='lat' dir='ltr'><strong>dialogi</strong></span> <span class='ocrx_word' id='word_1_183' title='bbox 853 2622 989 2710; x_wconf 89' lang='lat' dir='ltr'><strong>partibus</strong></span> <span class='ocrx_word' id='word_1_184' title='bbox 1013 2623 1110 2687; x_wconf 91' lang='lat' dir='ltr'><strong>multo</strong></span> <span class='ocrx_word' id='word_1_185' title='bbox 1132 2623 1231 2687; x_wconf 79' lang='lat' dir='ltr'><strong>acrirm</strong></span> <span class='ocrx_word' id='word_1_186' title='bbox 1256 2623 1368 2687; x_wconf 85' lang='lat' dir='ltr'><strong>instare</strong></span> 
     </span>
     <span class='ocr_line' id='line_1_23' title="bbox 253 2727 1369 2815; baseline -0.004 -21"><span class='ocrx_word' id='word_1_187' title='bbox 253 2728 359 2794; x_wconf 88' lang='lat' dir='ltr'><strong>scribis</strong></span> <span class='ocrx_word' id='word_1_188' title='bbox 389 2729 592 2815; x_wconf 76' lang='lat' dir='ltr'><strong>audaciusque</strong></span> <span class='ocrx_word' id='word_1_189' title='bbox 620 2751 671 2794; x_wconf 87' lang='lat' dir='ltr'><strong>eos</strong></span> <span class='ocrx_word' id='word_1_190' title='bbox 694 2729 835 2814; x_wconf 88' lang='lat' dir='ltr'><strong>persequi</strong></span> <span class='ocrx_word' id='word_1_191' title='bbox 858 2729 962 2793; x_wconf 92' lang='lat' dir='ltr'><strong>didici.</strong></span> <span class='ocrx_word' id='word_1_192' title='bbox 1006 2727 1089 2794; x_wconf 93' lang='lat' dir='ltr'><strong>Olim</strong></span> <span class='ocrx_word' id='word_1_193' title='bbox 1111 2751 1161 2793; x_wconf 86' lang='lat' dir='ltr'><strong>eas</strong></span> <span class='ocrx_word' id='word_1_194' title='bbox 1184 2728 1246 2792; x_wconf 88' lang='lat' dir='ltr'><strong>fere</strong></span> <span class='ocrx_word' id='word_1_195' title='bbox 1268 2749 1369 2791; x_wconf 83' lang='lat' dir='ltr'><strong>emen·</strong></span> 
     </span>
     <span class='ocr_line' id='line_1_24' title="bbox 253 2833 1367 2922; baseline -0.001 -24"><span class='ocrx_word' id='word_1_196' title='bbox 253 2834 390 2900; x_wconf 81' lang='lat' dir='ltr'><strong>dationes</strong></span> <span class='ocrx_word' id='word_1_197' title='bbox 412 2834 492 2899; x_wconf 86' lang='lat' dir='ltr'><strong>solas</strong></span> <span class='ocrx_word' id='word_1_198' title='bbox 516 2856 570 2922; x_wconf 93' lang='lat' dir='ltr'><strong>pro</strong></span> <span class='ocrx_word' id='word_1_199' title='bbox 593 2835 671 2899; x_wconf 81' lang='lat' dir='ltr'><strong>veris</strong></span> <span class='ocrx_word' id='word_1_200' title='bbox 694 2833 859 2911; x_wconf 83' lang='lat' dir='ltr'><strong>habebam,</strong></span> <span class='ocrx_word' id='word_1_201' title='bbox 883 2856 962 2919; x_wconf 92' lang='lat' dir='ltr'><strong>quae</strong></span> <span class='ocrx_word' id='word_1_202' title='bbox 978 2856 1015 2899; x_wconf 89' lang='lat' dir='ltr'><strong>ex</strong></span> <span class='ocrx_word' id='word_1_203' title='bbox 1030 2834 1139 2898; x_wconf 89' lang='lat' dir='ltr'><strong>litteris</strong></span> <span class='ocrx_word' id='word_1_204' title='bbox 1155 2833 1367 2910; x_wconf 84' lang='lat' dir='ltr'><strong>conficiuntur,</strong></span> 
     </span>
     <span class='ocr_line' id='line_1_25' title="bbox 250 2938 1370 3028; baseline -0.003 -23"><span class='ocrx_word' id='word_1_205' title='bbox 250 2963 345 3028; x_wconf 89' lang='lat' dir='ltr'><strong>quum</strong></span> <span class='ocrx_word' id='word_1_206' title='bbox 369 2942 516 3025; x_wconf 88' lang='lat' dir='ltr'><strong>cujusque</strong></span> <span class='ocrx_word' id='word_1_207' title='bbox 543 2941 663 3005; x_wconf 90' lang='lat' dir='ltr'><strong>litterae</strong></span> <span class='ocrx_word' id='word_1_208' title='bbox 684 2940 812 3005; x_wconf 92' lang='lat' dir='ltr'><strong>ductum</strong></span> <span class='ocrx_word' id='word_1_209' title='bbox 835 2962 954 3006; x_wconf 89' lang='lat' dir='ltr'><strong>summo</strong></span> <span class='ocrx_word' id='word_1_210' title='bbox 977 2938 1081 3004; x_wconf 88' lang='lat' dir='ltr'><strong>studio</strong></span> <span class='ocrx_word' id='word_1_211' title='bbox 1104 2961 1139 3004; x_wconf 89' lang='lat' dir='ltr'><strong>ac</strong></span> <span class='ocrx_word' id='word_1_212' title='bbox 1162 2960 1280 3003; x_wconf 86' lang='lat' dir='ltr'><strong>summa</strong></span> <span class='ocrx_word' id='word_1_213' title='bbox 1301 2938 1370 3002; x_wconf 84' lang='lat' dir='ltr'><strong>reli·</strong></span> 
     </span>
     <span class='ocr_line' id='line_1_26' title="bbox 250 3045 1369 3133; baseline -0.004 -22"><span class='ocrx_word' id='word_1_214' title='bbox 250 3047 339 3130; x_wconf 87' lang='lat' dir='ltr'><strong>gione</strong></span> <span class='ocrx_word' id='word_1_215' title='bbox 370 3045 579 3124; x_wconf 88' lang='lat' dir='ltr'><strong>observarem,</strong></span> <span class='ocrx_word' id='word_1_216' title='bbox 611 3047 725 3133; x_wconf 89' lang='lat' dir='ltr'><strong>quippe</strong></span> <span class='ocrx_word' id='word_1_217' title='bbox 755 3046 907 3111; x_wconf 90' lang='lat' dir='ltr'><strong>nihildum</strong></span> <span class='ocrx_word' id='word_1_218' title='bbox 936 3045 999 3112; x_wconf 83' lang='lat' dir='ltr'><strong>fera</strong></span> <span class='ocrx_word' id='word_1_219' title='bbox 1026 3045 1207 3131; x_wconf 77' lang='lat' dir='ltr'><strong>syntecticus</strong></span> <span class='ocrx_word' id='word_1_220' title='bbox 1236 3064 1369 3128; x_wconf 89' lang='lat' dir='ltr'><strong>compos.</strong></span> 
     </span>
     <span class='ocr_line' id='line_1_27' title="bbox 251 3149 1372 3238; baseline -0.004 -21"><span class='ocrx_word' id='word_1_221' title='bbox 251 3151 322 3233; x_wconf 74' lang='lat' dir='ltr'><strong>Quo</strong></span> <span class='ocrx_word' id='word_1_222' title='bbox 345 3152 458 3216; x_wconf 88' lang='lat' dir='ltr'><strong>iactum</strong></span> <span class='ocrx_word' id='word_1_223' title='bbox 482 3161 544 3228; x_wconf 91' lang='lat' dir='ltr'><strong>est,</strong></span> <span class='ocrx_word' id='word_1_224' title='bbox 570 3160 606 3216; x_wconf 90' lang='lat' dir='ltr'><strong>ut</strong></span> <span class='ocrx_word' id='word_1_225' title='bbox 628 3175 704 3238; x_wconf 84' lang='lat' dir='ltr'><strong>quus</strong></span> <span class='ocrx_word' id='word_1_226' title='bbox 727 3152 968 3231; x_wconf 89' lang='lat' dir='ltr'><strong>emendationes,</strong></span> <span class='ocrx_word' id='word_1_227' title='bbox 990 3173 1081 3215; x_wconf 89' lang='lat' dir='ltr'><strong>sensu</strong></span> <span class='ocrx_word' id='word_1_228' title='bbox 1097 3149 1228 3236; x_wconf 91' lang='lat' dir='ltr'><strong>quodam</strong></span> <span class='ocrx_word' id='word_1_229' title='bbox 1244 3149 1372 3226; x_wconf 90' lang='lat' dir='ltr'><strong>ductus,</strong></span> 
     </span>
     <span class='ocr_line' id='line_1_28' title="bbox 253 3253 1374 3353; baseline -0.002 -31"><span class='ocrx_word' id='word_1_230' title='bbox 253 3259 424 3343; x_wconf 88' lang='lat' dir='ltr'><strong>conjectura</strong></span> <span class='ocrx_word' id='word_1_231' title='bbox 446 3257 577 3342; x_wconf 90' lang='lat' dir='ltr'><strong>quadam</strong></span> <span class='ocrx_word' id='word_1_232' title='bbox 600 3259 745 3353; x_wconf 78' lang='lat' dir='ltr'><strong>feceram,</strong></span> <span class='ocrx_word' id='word_1_233' title='bbox 774 3258 883 3322; x_wconf 90' lang='lat' dir='ltr'><strong>harum</strong></span> <span class='ocrx_word' id='word_1_234' title='bbox 905 3256 1131 3321; x_wconf 83' lang='lat' dir='ltr'><strong>nunc-demum</strong></span> <span class='ocrx_word' id='word_1_235' title='bbox 1155 3255 1288 3320; x_wconf 89' lang='lat' dir='ltr'><strong>rationes</strong></span> <span class='ocrx_word' id='word_1_236' title='bbox 1308 3253 1374 3320; x_wconf 86' lang='lat' dir='ltr'><strong>red·</strong></span> 
     </span>
     <span class='ocr_line' id='line_1_29' title="bbox 251 3359 1372 3449; baseline -0.005 -22"><span class='ocrx_word' id='word_1_237' title='bbox 251 3363 322 3427; x_wconf 88' lang='lat' dir='ltr'><strong>dere</strong></span> <span class='ocrx_word' id='word_1_238' title='bbox 360 3371 596 3448; x_wconf 79' lang='lat' dir='ltr'><strong>argumentoque</strong></span> <span class='ocrx_word' id='word_1_239' title='bbox 632 3363 797 3449; x_wconf 84' lang='lat' dir='ltr'><strong>syntectica</strong></span> <span class='ocrx_word' id='word_1_240' title='bbox 833 3363 937 3428; x_wconf 84' lang='lat' dir='ltr'><strong>afferre</strong></span> <span class='ocrx_word' id='word_1_241' title='bbox 970 3362 1093 3447; x_wconf 86' lang='lat' dir='ltr'><strong>possim.</strong></span> <span class='ocrx_word' id='word_1_242' title='bbox 1147 3359 1239 3426; x_wconf 90' lang='lat' dir='ltr'><strong>Nunc</strong></span> <span class='ocrx_word' id='word_1_243' title='bbox 1272 3366 1372 3424; x_wconf 89' lang='lat' dir='ltr'><strong>autern</strong></span> 
     </span>
     <span class='ocr_line' id='line_1_30' title="bbox 242 3453 1374 3566; baseline -0.004 -34"><span class='ocrx_word' id='word_1_244' title='bbox 242 3453 316 3533; x_wconf 33' lang='lat' dir='ltr'><strong>&#39;non</strong></span> <span class='ocrx_word' id='word_1_245' title='bbox 352 3468 449 3533; x_wconf 84' lang='lat' dir='ltr'><strong>solum</strong></span> <span class='ocrx_word' id='word_1_246' title='bbox 483 3468 515 3533; x_wconf 92' lang='lat' dir='ltr'><strong>in</strong></span> <span class='ocrx_word' id='word_1_247' title='bbox 546 3468 699 3534; x_wconf 89' lang='lat' dir='ltr'><strong>vocabulis</strong></span> <span class='ocrx_word' id='word_1_248' title='bbox 730 3468 804 3566; x_wconf 88' lang='lat' dir='ltr'><strong>ipsis</strong></span> <span class='ocrx_word' id='word_1_249' title='bbox 835 3468 966 3532; x_wconf 82' lang='lat' dir='ltr'><strong>offensus</strong></span> <span class='ocrx_word' id='word_1_250' title='bbox 996 3467 1069 3533; x_wconf 84' lang='lat' dir='ltr'><strong>haec</strong></span> <span class='ocrx_word' id='word_1_251' title='bbox 1090 3465 1246 3552; x_wconf 79' lang='lat' dir='ltr'><strong>¹imprimis</strong></span> <span class='ocrx_word' id='word_1_252' title='bbox 1276 3485 1374 3529; x_wconf 88' lang='lat' dir='ltr'><strong>emen·</strong></span> 
     </span>
     <span class='ocr_line' id='line_1_31' title="bbox 255 3572 1373 3652; baseline -0.003 -15"><span class='ocrx_word' id='word_1_253' title='bbox 255 3573 327 3638; x_wconf 88' lang='lat' dir='ltr'><strong>dare</strong></span> <span class='ocrx_word' id='word_1_254' title='bbox 357 3581 483 3639; x_wconf 92' lang='lat' dir='ltr'><strong>conatus</strong></span> <span class='ocrx_word' id='word_1_255' title='bbox 514 3596 600 3652; x_wconf 88' lang='lat' dir='ltr'><strong>sum,</strong></span> <span class='ocrx_word' id='word_1_256' title='bbox 633 3573 685 3638; x_wconf 90' lang='lat' dir='ltr'><strong>sed</strong></span> <span class='ocrx_word' id='word_1_257' title='bbox 715 3575 804 3639; x_wconf 90' lang='lat' dir='ltr'><strong>etiarn</strong></span> <span class='ocrx_word' id='word_1_258' title='bbox 832 3573 995 3639; x_wconf 87' lang='lat' dir='ltr'><strong>dictionem</strong></span> <span class='ocrx_word' id='word_1_259' title='bbox 1019 3578 1048 3637; x_wconf 91' lang='lat' dir='ltr'><strong>et</strong></span> <span class='ocrx_word' id='word_1_260' title='bbox 1071 3572 1196 3636; x_wconf 93' lang='lat' dir='ltr'><strong>omnino</strong></span> <span class='ocrx_word' id='word_1_261' title='bbox 1218 3577 1373 3647; x_wconf 86' lang='lat' dir='ltr'><strong>construc-</strong></span> 
     </span>
     <span class='ocr_line' id='line_1_32' title="bbox 256 3677 1375 3762; baseline -0.004 -20"><span class='ocrx_word' id='word_1_262' title='bbox 256 3680 368 3744; x_wconf 91' lang='lat' dir='ltr'><strong>tionem</strong></span> <span class='ocrx_word' id='word_1_263' title='bbox 402 3679 536 3744; x_wconf 85' lang='lat' dir='ltr'><strong>Atticam</strong></span> <span class='ocrx_word' id='word_1_264' title='bbox 563 3679 720 3745; x_wconf 89' lang='lat' dir='ltr'><strong>nonnullis</strong></span> <span class='ocrx_word' id='word_1_265' title='bbox 742 3678 816 3743; x_wconf 89' lang='lat' dir='ltr'><strong>locis</strong></span> <span class='ocrx_word' id='word_1_266' title='bbox 838 3678 997 3743; x_wconf 87' lang='lat' dir='ltr'><strong>restituere</strong></span> <span class='ocrx_word' id='word_1_267' title='bbox 1020 3677 1169 3762; x_wconf 90' lang='lat' dir='ltr'><strong>imprimis</strong></span> <span class='ocrx_word' id='word_1_268' title='bbox 1191 3681 1290 3740; x_wconf 89' lang='lat' dir='ltr'><strong>antem</strong></span> <span class='ocrx_word' id='word_1_269' title='bbox 1314 3695 1375 3739; x_wconf 88' lang='lat' dir='ltr'><strong>sor·</strong></span> 
     </span>
     <span class='ocr_line' id='line_1_33' title="bbox 256 3770 1375 3870; baseline -0.004 -22"><span class='ocrx_word' id='word_1_270' title='bbox 256 3784 340 3849; x_wconf 91' lang='lat' dir='ltr'><strong>dium</strong></span> <span class='ocrx_word' id='word_1_271' title='bbox 376 3770 554 3869; x_wconf 83' lang='lat' dir='ltr'><strong>farraginem</strong></span> <span class='ocrx_word' id='word_1_272' title='bbox 590 3785 748 3870; x_wconf 85' lang='lat' dir='ltr'><strong>expellere.</strong></span> <span class='ocrx_word' id='word_1_273' title='bbox 794 3783 875 3849; x_wconf 79' lang='lat' dir='ltr'><strong>Vide</strong></span> <span class='ocrx_word' id='word_1_274' title='bbox 905 3804 952 3847; x_wconf 86' lang='lat' dir='ltr'><strong>ex.</strong></span> <span class='ocrx_word' id='word_1_275' title='bbox 983 3805 1027 3868; x_wconf 91' lang='lat' dir='ltr'><strong>gr.</strong></span> <span class='ocrx_word' id='word_1_276' title='bbox 1059 3785 1123 3846; x_wconf 77' lang='lat'><strong>452</strong></span> <span class='ocrx_word' id='word_1_277' title='bbox 1155 3782 1199 3857; x_wconf 83' lang='grc' dir='ltr'><strong>Δ,</strong></span> <span class='ocrx_word' id='word_1_278' title='bbox 1230 3780 1330 3867; x_wconf 90' lang='lat' dir='ltr'><strong>locum</strong></span> <span class='ocrx_word' id='word_1_279' title='bbox 1358 3802 1375 3843; x_wconf 91' lang='lat' dir='ltr'><strong>e</strong></span> 
     </span>
     <span class='ocr_line' id='line_1_34' title="bbox 257 3885 1376 3976; baseline -0.004 -22"><span class='ocrx_word' id='word_1_280' title='bbox 257 3888 416 3976; x_wconf 84' lang='lat' dir='ltr'><strong>Symposio</strong></span> <span class='ocrx_word' id='word_1_281' title='bbox 447 3889 485 3955; x_wconf 91' lang='lat' dir='ltr'><strong>ad</strong></span> <span class='ocrx_word' id='word_1_282' title='bbox 517 3891 579 3956; x_wconf 78' lang='lat'><strong>517</strong></span> <span class='ocrx_word' id='word_1_283' title='bbox 604 3890 650 3968; x_wconf 83' lang='lat' dir='ltr'><strong>A,</strong></span> <span class='ocrx_word' id='word_1_284' title='bbox 675 3897 705 3954; x_wconf 89' lang='lat' dir='ltr'><strong>et</strong></span> <span class='ocrx_word' id='word_1_285' title='bbox 727 3889 876 3975; x_wconf 89' lang='lat' dir='ltr'><strong>imprimis</strong></span> <span class='ocrx_word' id='word_1_286' title='bbox 900 3891 962 3952; x_wconf 76' lang='lat'><strong>525</strong></span> <span class='ocrx_word' id='word_1_287' title='bbox 987 3887 1019 3952; x_wconf 86' lang='lat' dir='ltr'><strong>B.</strong></span> <span class='ocrx_word' id='word_1_288' title='bbox 1035 3897 1066 3952; x_wconf 90' lang='lat' dir='ltr'><strong>et</strong></span> <span class='ocrx_word' id='word_1_289' title='bbox 1086 3886 1122 3953; x_wconf 86' lang='lat'><strong>0.</strong></span> <span class='ocrx_word' id='word_1_290' title='bbox 1161 3886 1298 3951; x_wconf 85' lang='lat' dir='ltr'><strong>Ultimus</strong></span> <span class='ocrx_word' id='word_1_291' title='bbox 1320 3885 1376 3949; x_wconf 90' lang='lat' dir='ltr'><strong>ho·</strong></span> 
     </span>
     <span class='ocr_line' id='line_1_35' title="bbox 256 3991 1375 4086; baseline -0.006 -25"><span class='ocrx_word' id='word_1_292' title='bbox 256 4018 324 4061; x_wconf 89' lang='lat' dir='ltr'><strong>rum</strong></span> <span class='ocrx_word' id='word_1_293' title='bbox 358 3996 494 4060; x_wconf 89' lang='lat' dir='ltr'><strong>locorum</strong></span> <span class='ocrx_word' id='word_1_294' title='bbox 528 3995 662 4060; x_wconf 91' lang='lat' dir='ltr'><strong>omnium</strong></span> <span class='ocrx_word' id='word_1_295' title='bbox 698 3995 850 4059; x_wconf 87' lang='lat' dir='ltr'><strong>vilissimis</strong></span> <span class='ocrx_word' id='word_1_296' title='bbox 884 3992 1162 4086; x_wconf 79' lang='lat' dir='ltr'><strong>interpretamentis</strong></span> <span class='ocrx_word' id='word_1_297' title='bbox 1195 3991 1375 4076; x_wconf 84' lang='lat' dir='ltr'><strong>depravatus</strong></span> 
     </span>
     <span class='ocr_line' id='line_1_36' title="bbox 252 4096 1466 4186; baseline -0.006 -20"><span class='ocrx_word' id='word_1_298' title='bbox 252 4109 342 4186; x_wconf 88' lang='lat' dir='ltr'><strong>atque</strong></span> <span class='ocrx_word' id='word_1_299' title='bbox 370 4109 530 4176; x_wconf 89' lang='lat' dir='ltr'><strong>oneratus,</strong></span> <span class='ocrx_word' id='word_1_300' title='bbox 562 4122 639 4184; x_wconf 89' lang='lat' dir='ltr'><strong>quae</strong></span> <span class='ocrx_word' id='word_1_301' title='bbox 662 4101 821 4165; x_wconf 85' lang='lat' dir='ltr'><strong>maximam</strong></span> <span class='ocrx_word' id='word_1_302' title='bbox 845 4108 982 4185; x_wconf 89' lang='lat' dir='ltr'><strong>partem,</strong></span> <span class='ocrx_word' id='word_1_303' title='bbox 1006 4107 1165 4184; x_wconf 90' lang='lat' dir='ltr'><strong>postquam</strong></span> <span class='ocrx_word' id='word_1_304' title='bbox 1190 4119 1293 4161; x_wconf 88' lang='lat' dir='ltr'><strong>ornnes</strong></span> <span class='ocrx_word' id='word_1_305' title='bbox 1317 4096 1377 4181; x_wconf 89' lang='lat' dir='ltr'><strong>syl·</strong></span> <span class='ocrx_word' id='word_1_306' title='bbox 1464 4104 1466 4110; x_wconf 86' lang='lat'>&#39;</span> 
     </span>
     <span class='ocr_line' id='line_1_37' title="bbox 258 4203 1379 4291; baseline -0.004 -21"><span class='ocrx_word' id='word_1_307' title='bbox 258 4207 404 4290; x_wconf 82' lang='lat' dir='ltr'><strong>logismos</strong></span> <span class='ocrx_word' id='word_1_308' title='bbox 442 4205 612 4291; x_wconf 85' lang='lat' dir='ltr'><strong>exploravi,</strong></span> <span class='ocrx_word' id='word_1_309' title='bbox 653 4205 775 4271; x_wconf 93' lang='lat' dir='ltr'><strong>demnm</strong></span> <span class='ocrx_word' id='word_1_310' title='bbox 812 4205 971 4269; x_wconf 85' lang='lat' dir='ltr'><strong>offensioni</strong></span> <span class='ocrx_word' id='word_1_311' title='bbox 1001 4204 1083 4272; x_wconf 24' lang='lat' dir='ltr'><strong>,mihi</strong></span> <span class='ocrx_word' id='word_1_312' title='bbox 1117 4203 1256 4280; x_wconf 84' lang='lat' dir='ltr'><strong>fuerunt,</strong></span> <span class='ocrx_word' id='word_1_313' title='bbox 1290 4210 1379 4266; x_wconf 82' lang='lat' dir='ltr'><strong>antea</strong></span> 
     </span>
     <span class='ocr_line' id='line_1_38' title="bbox 253 4307 1374 4396; baseline -0.004 -21"><span class='ocrx_word' id='word_1_314' title='bbox 253 4334 314 4376; x_wconf 89' lang='lat' dir='ltr'><strong>non</strong></span> <span class='ocrx_word' id='word_1_315' title='bbox 338 4312 465 4375; x_wconf 84' lang='lat' dir='ltr'><strong>luerunt</strong></span> <span class='ocrx_word' id='word_1_316' title='bbox 489 4333 589 4396; x_wconf 92' lang='lat' dir='ltr'><strong>neque</strong></span> <span class='ocrx_word' id='word_1_317' title='bbox 612 4332 676 4375; x_wconf 88' lang='lat' dir='ltr'><strong>esse</strong></span> <span class='ocrx_word' id='word_1_318' title='bbox 700 4317 876 4395; x_wconf 89' lang='lat' dir='ltr'><strong>potuerunt.</strong></span> <span class='ocrx_word' id='word_1_319' title='bbox 911 4307 1034 4373; x_wconf 74' lang='lat' dir='ltr'><strong>Etenim</strong></span> <span class='ocrx_word' id='word_1_320' title='bbox 1057 4307 1239 4392; x_wconf 87' lang='lat' dir='ltr'><strong>syllogismi,</strong></span> <span class='ocrx_word' id='word_1_321' title='bbox 1261 4314 1374 4382; x_wconf 84' lang='lat' dir='ltr'><strong>uttan·</strong></span> 
     </span>
     <span class='ocr_line' id='line_1_39' title="bbox 254 4411 1373 4501; baseline -0.004 -20"><span class='ocrx_word' id='word_1_322' title='bbox 254 4417 322 4482; x_wconf 88' lang='lat' dir='ltr'><strong>dem</strong></span> <span class='ocrx_word' id='word_1_323' title='bbox 356 4416 500 4501; x_wconf 87' lang='lat' dir='ltr'><strong>explicem</strong></span> <span class='ocrx_word' id='word_1_324' title='bbox 524 4438 613 4501; x_wconf 91' lang='lat' dir='ltr'><strong>quem</strong></span> <span class='ocrx_word' id='word_1_325' title='bbox 637 4437 725 4479; x_wconf 88' lang='lat' dir='ltr'><strong>usum</strong></span> <span class='ocrx_word' id='word_1_326' title='bbox 749 4414 878 4499; x_wconf 88' lang='lat' dir='ltr'><strong>diligens</strong></span> <span class='ocrx_word' id='word_1_327' title='bbox 902 4434 1005 4477; x_wconf 90' lang='lat' dir='ltr'><strong>eorum</strong></span> <span class='ocrx_word' id='word_1_328' title='bbox 1029 4412 1187 4496; x_wconf 90' lang='lat' dir='ltr'><strong>inquisitio</strong></span> <span class='ocrx_word' id='word_1_329' title='bbox 1210 4411 1313 4476; x_wconf 84' lang='lat' dir='ltr'><strong>afferat</strong></span> <span class='ocrx_word' id='word_1_330' title='bbox 1335 4411 1373 4476; x_wconf 87' lang='lat' dir='ltr'><strong>ad</strong></span> 
     </span>
     <span class='ocr_line' id='line_1_40' title="bbox 253 4516 1375 4607; baseline -0.01 -15"><span class='ocrx_word' id='word_1_331' title='bbox 253 4522 390 4592; x_wconf 80' lang='lat' dir='ltr'><strong>triticam</strong></span> <span class='ocrx_word' id='word_1_332' title='bbox 413 4522 446 4585; x_wconf 87' lang='lat' dir='ltr'><strong>in</strong></span> <span class='ocrx_word' id='word_1_333' title='bbox 468 4520 588 4607; x_wconf 89' lang='lat' dir='ltr'><strong>reliquo</strong></span> <span class='ocrx_word' id='word_1_334' title='bbox 612 4519 733 4604; x_wconf 88' lang='lat' dir='ltr'><strong>dialogo</strong></span> <span class='ocrx_word' id='word_1_335' title='bbox 756 4517 968 4594; x_wconf 83' lang='lat' dir='ltr'><strong>exercendam,</strong></span> <span class='ocrx_word' id='word_1_336' title='bbox 992 4539 1047 4602; x_wconf 90' lang='lat' dir='ltr'><strong>per</strong></span> <span class='ocrx_word' id='word_1_337' title='bbox 1069 4538 1101 4580; x_wconf 89' lang='lat' dir='ltr'><strong>se</strong></span> <span class='ocrx_word' id='word_1_338' title='bbox 1120 4516 1375 4581; x_wconf 87' lang='lat' dir='ltr'><strong>accuratissimam</strong></span> 
     </span>
    </p>
   </div>
   <div class='ocr_carea' id='block_1_5' title="bbox 0 0 1526 5294">
    <p class='ocr_par' dir='ltr' id='par_1_14' title="bbox 0 0 1526 5294">
     <span class='ocr_line' id='line_1_41' title="bbox 0 0 1526 5294; baseline 0 0"><span class='ocrx_word' id='word_1_339' title='bbox 0 0 1526 5294; x_wconf 95' lang='lat' dir='ltr'><strong> </strong></span> 
     </span>
    </p>
   </div>
  </div>
 </body>
</html>
