<?xml version="1.0" encoding="UTF-8"?>
<!DOCTYPE html PUBLIC "-//W3C//DTD XHTML 1.0 Transitional//EN"
    "http://www.w3.org/TR/xhtml1/DTD/xhtml1-transitional.dtd">
<html xmlns="http://www.w3.org/1999/xhtml" xml:lang="en" lang="en">
 <head>
  <title>
</title>
<meta http-equiv="Content-Type" content="text/html;charset=utf-8" />
  <meta name='ocr-system' content='tesseract 3.04.00' />
  <meta name='ocr-capabilities' content='ocr_page ocr_carea ocr_par ocr_line ocrx_word'/>
</head>
<body>
  <div class='ocr_page' id='page_1' title='image "./platonisgorgias01platgoog_0146.png"; bbox 0 0 3030 5294; ppageno 0'>
   <div class='ocr_carea' id='block_1_1' title="bbox 655 283 1342 358">
    <p class='ocr_par' dir='ltr' id='par_1_1' title="bbox 655 283 1342 358">
     <span class='ocr_line' id='line_1_1' title="bbox 655 283 1342 358; baseline 0 -2"><span class='ocrx_word' id='word_1_1' title='bbox 655 289 914 358; x_wconf 40' lang='lat' dir='ltr'><strong>Gooornsr</strong></span> <span class='ocrx_word' id='word_1_2' title='bbox 987 288 991 296; x_wconf 87' lang='grc'><em>’</em></span> <span class='ocrx_word' id='word_1_3' title='bbox 1272 283 1342 357; x_wconf 91' lang='grc' dir='ltr'><strong>Ι91</strong></span> 
     </span>
    </p>
   </div>
   <div class='ocr_carea' id='block_1_2' title="bbox 162 491 1412 1840">
    <p class='ocr_par' dir='ltr' id='par_1_2' title="bbox 162 491 1412 1840">
     <span class='ocr_line' id='line_1_2' title="bbox 218 491 1343 573; baseline -0.001 -10"><span class='ocrx_word' id='word_1_4' title='bbox 218 507 311 563; x_wconf 88' lang='grc' dir='ltr'><strong>ΚΑΛ.</strong></span> <span class='ocrx_word' id='word_1_5' title='bbox 345 500 410 568; x_wconf 93' lang='grc' dir='ltr'><strong>Πῶς</strong></span> <span class='ocrx_word' id='word_1_6' title='bbox 443 494 560 573; x_wconf 74' lang='grc' dir='ltr'><em>λέγειςς</em></span> <span class='ocrx_word' id='word_1_7' title='bbox 594 532 640 546; x_wconf 94' lang='lat'><em>-</em></span> <span class='ocrx_word' id='word_1_8' title='bbox 674 504 745 560; x_wconf 84' lang='grc' dir='ltr'><strong>ΣΩ.</strong></span> <span class='ocrx_word' id='word_1_9' title='bbox 774 494 850 559; x_wconf 84' lang='grc' dir='ltr'><strong>Ἕνα</strong></span> <span class='ocrx_word' id='word_1_10' title='bbox 873 491 1001 570; x_wconf 75' lang='grc' dir='ltr'><em>ἕκαστον</em></span> <span class='ocrx_word' id='word_1_11' title='bbox 1027 495 1105 572; x_wconf 69' lang='grc' dir='ltr'><strong>λέγω</strong></span> <span class='ocrx_word' id='word_1_12' title='bbox 1128 496 1216 561; x_wconf 84' lang='grc' dir='ltr'><em>αύτδν</em></span> <span class='ocrx_word' id='word_1_13' title='bbox 1238 496 1343 562; x_wconf 79' lang='grc' dir='ltr'><em>ἑαυτοῦ</em></span> 
     </span>
     <span class='ocr_line' id='line_1_3' title="bbox 217 597 1345 686; baseline -0.001 -20"><span class='ocrx_word' id='word_1_14' title='bbox 217 599 360 682; x_wconf 81' lang='grc' dir='ltr'><em>ῶρχοντα.</em></span> <span class='ocrx_word' id='word_1_15' title='bbox 392 600 409 680; x_wconf 76' lang='grc' dir='ltr'><em>ἢ</em></span> <span class='ocrx_word' id='word_1_16' title='bbox 439 607 522 667; x_wconf 83' lang='grc' dir='ltr'><em>τοῦτο</em></span> <span class='ocrx_word' id='word_1_17' title='bbox 554 600 607 677; x_wconf 79' lang='grc' dir='ltr'><strong>μὲν</strong></span> <span class='ocrx_word' id='word_1_18' title='bbox 638 601 714 665; x_wconf 79' lang='grc' dir='ltr'><em>οὐδὲν</em></span> <span class='ocrx_word' id='word_1_19' title='bbox 745 599 804 675; x_wconf 82' lang='grc' dir='ltr'><em>δεῖ,</em></span> <span class='ocrx_word' id='word_1_20' title='bbox 836 600 923 664; x_wconf 83' lang='grc' dir='ltr'><em>αὐτὸν</em></span> <span class='ocrx_word' id='word_1_21' title='bbox 953 600 1056 665; x_wconf 79' lang='grc' dir='ltr'><em>ἑαυτοῦ</em></span> <span class='ocrx_word' id='word_1_22' title='bbox 1088 597 1208 686; x_wconf 76' lang='grc' dir='ltr'><em>ἄρχειν,</em></span> <span class='ocrx_word' id='word_1_23' title='bbox 1242 600 1345 667; x_wconf 86' lang='grc' dir='ltr'><em>τῶνδ’</em></span> 
     </span>
     <span class='ocr_line' id='line_1_4' title="bbox 216 704 1344 786; baseline -0.002 -14"><span class='ocrx_word' id='word_1_24' title='bbox 216 705 332 784; x_wconf 80' lang='grc' dir='ltr'><em>ῶλλιονς</em></span> <span class='ocrx_word' id='word_1_25' title='bbox 363 744 407 756; x_wconf 96' lang='lat'><strong>--</strong></span> <span class='ocrx_word' id='word_1_26' title='bbox 437 716 530 772; x_wconf 87' lang='lat' dir='ltr'><strong>KAA.</strong></span> <span class='ocrx_word' id='word_1_27' title='bbox 561 711 626 778; x_wconf 86' lang='grc' dir='ltr'><strong>Πῶς</strong></span> <span class='ocrx_word' id='word_1_28' title='bbox 656 706 759 770; x_wconf 77' lang='grc' dir='ltr'><em>ἑαυτοῦ</em></span> <span class='ocrx_word' id='word_1_29' title='bbox 790 704 921 786; x_wconf 80' lang='grc' dir='ltr'><em>ῶρχοντα</em></span> <span class='ocrx_word' id='word_1_30' title='bbox 950 705 1065 784; x_wconf 74' lang='grc' dir='ltr'><em>λίμειςς</em></span> <span class='ocrx_word' id='word_1_31' title='bbox 1091 744 1138 756; x_wconf 87' lang='lat'>-</span> <span class='ocrx_word' id='word_1_32' title='bbox 1157 717 1230 774; x_wconf 83' lang='grc' dir='ltr'><strong>ΣΩ.</strong></span> <span class='ocrx_word' id='word_1_33' title='bbox 1255 707 1344 772; x_wconf 78' lang='grc' dir='ltr'><em>Ούδὲν</em></span> 
     </span>
     <span class='ocr_line' id='line_1_5' title="bbox 216 808 1338 897; baseline -0.001 -21"><span class='ocrx_word' id='word_1_34' title='bbox 216 813 359 897; x_wconf 77' lang='grc' dir='ltr'><strong><em>ποικίλον,</em></strong></span> <span class='ocrx_word' id='word_1_35' title='bbox 381 808 452 877; x_wconf 72' lang='grc' dir='ltr'><em>ἀλλ’</em></span> <span class='ocrx_word' id='word_1_36' title='bbox 475 809 568 892; x_wconf 83' lang='grc' dir='ltr'><em>ῶσπερ</em></span> <span class='ocrx_word' id='word_1_37' title='bbox 590 813 614 876; x_wconf 81' lang='grc' dir='ltr'><strong>οἱ</strong></span> <span class='ocrx_word' id='word_1_38' title='bbox 637 808 758 887; x_wconf 74' lang='grc' dir='ltr'><em>πολλοὶ,</em></span> <span class='ocrx_word' id='word_1_39' title='bbox 782 810 914 892; x_wconf 79' lang='grc' dir='ltr'><em>σώφρονα</em></span> <span class='ocrx_word' id='word_1_40' title='bbox 936 810 1007 886; x_wconf 75' lang='grc' dir='ltr'><em>ὄντα</em></span> <span class='ocrx_word' id='word_1_41' title='bbox 1031 811 1079 875; x_wconf 78' lang='grc' dir='ltr'><strong>καὶ</strong></span> <span class='ocrx_word' id='word_1_42' title='bbox 1103 814 1231 892; x_wconf 75' lang='grc' dir='ltr'><em>ἐγκρατῆ</em></span> <span class='ocrx_word' id='word_1_43' title='bbox 1252 811 1338 878; x_wconf 83' lang='grc' dir='ltr'><em>αύτδν</em></span> 
     </span>
     <span class='ocr_line' id='line_1_6' title="bbox 180 912 1344 1007; baseline -0.003 -22"><span class='ocrx_word' id='word_1_44' title='bbox 180 918 339 1006; x_wconf 78' lang='grc' dir='ltr'><strong>ΕὲοιυτούἸ</strong></span> <span class='ocrx_word' id='word_1_45' title='bbox 357 922 413 981; x_wconf 90' lang='grc' dir='ltr'><em>τῶν</em></span> <span class='ocrx_word' id='word_1_46' title='bbox 431 916 528 1007; x_wconf 77' lang='grc' dir='ltr'><em>ἡδονῶν</em></span> <span class='ocrx_word' id='word_1_47' title='bbox 548 916 597 981; x_wconf 75' lang='grc' dir='ltr'><em>καί</em></span> <span class='ocrx_word' id='word_1_48' title='bbox 616 916 775 991; x_wconf 82' lang='grc' dir='ltr'><em>ἐπιθυμιῶν</em></span> <span class='ocrx_word' id='word_1_49' title='bbox 791 912 923 997; x_wconf 84' lang='grc' dir='ltr'><em>ῶρχοντα</em></span> <span class='ocrx_word' id='word_1_50' title='bbox 947 921 1002 981; x_wconf 89' lang='grc' dir='ltr'><em>τῶν</em></span> <span class='ocrx_word' id='word_1_51' title='bbox 1022 917 1051 981; x_wconf 76' lang='grc' dir='ltr'><em>ἐν</em></span> <span class='ocrx_word' id='word_1_52' title='bbox 1070 918 1171 1000; x_wconf 75' lang='grc' dir='ltr'><em>ἑαυτῷ.</em></span> <span class='ocrx_word' id='word_1_53' title='bbox 1188 956 1232 966; x_wconf 90' lang='grc'>-</span> <span class='ocrx_word' id='word_1_54' title='bbox 1250 927 1344 984; x_wconf 88' lang='grc' dir='ltr'><strong>ΚΑΛ.</strong></span> 
     </span>
     <span class='ocr_line' id='line_1_7' title="bbox 183 1017 1344 1105; baseline -0.001 -18"><span class='ocrx_word' id='word_1_55' title='bbox 183 1018 276 1094; x_wconf 76' lang='grc' dir='ltr'><em>·;“Ως</em></span> <span class='ocrx_word' id='word_1_56' title='bbox 306 1021 372 1097; x_wconf 76' lang='grc' dir='ltr'><em>ἡδύς</em></span> <span class='ocrx_word' id='word_1_57' title='bbox 403 1017 447 1086; x_wconf 79' lang='lat' dir='ltr'><strong>si!</strong></span> <span class='ocrx_word' id='word_1_58' title='bbox 474 1020 541 1093; x_wconf 87' lang='grc' dir='ltr'><em>τοὺς</em></span> <span class='ocrx_word' id='word_1_59' title='bbox 575 1020 694 1097; x_wconf 78' lang='grc' dir='ltr'><em>ἠλιθίους</em></span> <span class='ocrx_word' id='word_1_60' title='bbox 725 1019 823 1097; x_wconf 73' lang='grc' dir='ltr'><em>λέγεις</em></span> <span class='ocrx_word' id='word_1_61' title='bbox 846 1023 912 1093; x_wconf 84' lang='grc' dir='ltr'><em>τούς</em></span> <span class='ocrx_word' id='word_1_62' title='bbox 935 1022 1092 1105; x_wconf 77' lang='grc' dir='ltr'><em>σώφρονας.</em></span> <span class='ocrx_word' id='word_1_63' title='bbox 1118 1061 1160 1071; x_wconf 90' lang='lat'>-</span> <span class='ocrx_word' id='word_1_64' title='bbox 1183 1033 1256 1089; x_wconf 85' lang='grc' dir='ltr'><strong>ΣΩ.</strong></span> <span class='ocrx_word' id='word_1_65' title='bbox 1279 1028 1344 1094; x_wconf 86' lang='grc' dir='ltr'><strong>Πῶς</strong></span> 
     </span>
     <span class='ocr_line' id='line_1_8' title="bbox 215 1124 1344 1210; baseline 0 -18"><span class='ocrx_word' id='word_1_66' title='bbox 215 1127 275 1208; x_wconf 76' lang='grc' dir='ltr'><em>γαρ</em></span> <span class='ocrx_word' id='word_1_67' title='bbox 298 1127 332 1192; x_wconf 89' lang='grc' dir='ltr'><strong>ού</strong></span> <span class='ocrx_word' id='word_1_68' title='bbox 337 1153 347 1205; x_wconf 83' lang='grc' dir='ltr'><em>ς</em></span> <span class='ocrx_word' id='word_1_69' title='bbox 370 1127 457 1210; x_wconf 79' lang='grc' dir='ltr'><em>ούδεύς</em></span> <span class='ocrx_word' id='word_1_70' title='bbox 481 1125 567 1210; x_wconf 73' lang='grc' dir='ltr'><em>ὅστις</em></span> <span class='ocrx_word' id='word_1_71' title='bbox 583 1128 633 1191; x_wconf 89' lang='grc' dir='ltr'><strong>ούκ</strong></span> <span class='ocrx_word' id='word_1_72' title='bbox 655 1124 692 1191; x_wconf 83' lang='grc' dir='ltr'><strong>διν</strong></span> <span class='ocrx_word' id='word_1_73' title='bbox 715 1125 795 1204; x_wconf 77' lang='grc' dir='ltr'><em>γνοίη</em></span> <span class='ocrx_word' id='word_1_74' title='bbox 818 1125 860 1191; x_wconf 80' lang='grc' dir='ltr'><strong>δτι</strong></span> <span class='ocrx_word' id='word_1_75' title='bbox 884 1133 968 1192; x_wconf 84' lang='grc' dir='ltr'><em>τούτο</em></span> <span class='ocrx_word' id='word_1_76' title='bbox 987 1127 1076 1204; x_wconf 72' lang='grc' dir='ltr'><em>λέγω.</em></span> <span class='ocrx_word' id='word_1_77' title='bbox 1096 1165 1140 1178; x_wconf 91' lang='lat'>-</span> <span class='ocrx_word' id='word_1_78' title='bbox 1156 1127 1344 1194; x_wconf 85' lang='grc' dir='ltr'><em>ΚΑΛ.Πύνυ</em></span> 
     </span>
     <span class='ocr_line' id='line_1_9' title="bbox 215 1220 1343 1314; baseline 0.001 -18"><span class='ocrx_word' id='word_1_79' title='bbox 215 1257 254 1311; x_wconf 77' lang='grc' dir='ltr'><em>γε</em></span> <span class='ocrx_word' id='word_1_80' title='bbox 283 1230 410 1313; x_wconf 76' lang='grc' dir='ltr'><em>σφόδρα,</em></span> <span class='ocrx_word' id='word_1_81' title='bbox 442 1228 462 1297; x_wconf 79' lang='lat' dir='ltr'><strong>ci</strong></span> <span class='ocrx_word' id='word_1_82' title='bbox 493 1231 655 1310; x_wconf 75' lang='grc' dir='ltr'><em>Σώκρατες’</em></span> <span class='ocrx_word' id='word_1_83' title='bbox 679 1230 741 1295; x_wconf 77' lang='grc' dir='ltr'><em>ἐπεὶ</em></span> <span class='ocrx_word' id='word_1_84' title='bbox 766 1236 825 1303; x_wconf 85' lang='grc' dir='ltr'><em>τῶς</em></span> <span class='ocrx_word' id='word_1_85' title='bbox 848 1220 887 1301; x_wconf 83' lang='grc' dir='ltr'><strong>ῶν</strong></span> <span class='ocrx_word' id='word_1_86' title='bbox 908 1233 1049 1310; x_wconf 73' lang='grc' dir='ltr'><em>εὐδαίμων</em></span> <span class='ocrx_word' id='word_1_87' title='bbox 1072 1231 1179 1309; x_wconf 73' lang='grc' dir='ltr'><em>γένοιτο</em></span> <span class='ocrx_word' id='word_1_88' title='bbox 1200 1231 1343 1314; x_wconf 85' lang='grc' dir='ltr'><em>ῶνύραπος</em></span> 
     </span>
     <span class='ocr_line' id='line_1_10' title="bbox 215 1335 1341 1417; baseline -0.001 -14"><span class='ocrx_word' id='word_1_89' title='bbox 215 1337 352 1403; x_wconf 74' lang='grc' dir='ltr'><em>δουλεύων</em></span> <span class='ocrx_word' id='word_1_90' title='bbox 373 1338 494 1417; x_wconf 80' lang='grc' dir='ltr'><em>ύτριούνς</em></span> <span class='ocrx_word' id='word_1_91' title='bbox 517 1337 602 1402; x_wconf 77' lang='grc' dir='ltr'><em>ῶοιλδι</em></span> <span class='ocrx_word' id='word_1_92' title='bbox 619 1339 697 1401; x_wconf 84' lang='grc' dir='ltr'><em>τοῦτ’</em></span> <span class='ocrx_word' id='word_1_93' title='bbox 715 1335 776 1401; x_wconf 74' lang='grc' dir='ltr'><em>ἐστὶ</em></span> <span class='ocrx_word' id='word_1_94' title='bbox 796 1336 830 1402; x_wconf 82' lang='grc' dir='ltr'><strong>τύ</strong></span> <span class='ocrx_word' id='word_1_95' title='bbox 848 1338 930 1402; x_wconf 80' lang='grc' dir='ltr'><em>κατα</em></span> <span class='ocrx_word' id='word_1_96' title='bbox 949 1336 1037 1416; x_wconf 82' lang='grc' dir='ltr'><em>Φύσιν</em></span> <span class='ocrx_word' id='word_1_97' title='bbox 1053 1338 1142 1403; x_wconf 78' lang='grc' dir='ltr'><em>καλὸν</em></span> <span class='ocrx_word' id='word_1_98' title='bbox 1154 1338 1203 1402; x_wconf 75' lang='grc' dir='ltr'><em>καὶ</em></span> <span class='ocrx_word' id='word_1_99' title='bbox 1216 1339 1341 1415; x_wconf 85' lang='grc' dir='ltr'><em>δίκαιον,</em></span> 
     </span>
     <span class='ocr_line' id='line_1_11' title="bbox 214 1434 1342 1522; baseline 0.001 -15"><span class='ocrx_word' id='word_1_100' title='bbox 214 1439 228 1507; x_wconf 78' lang='grc' dir='ltr'>ὃ</span> <span class='ocrx_word' id='word_1_101' title='bbox 251 1434 309 1520; x_wconf 68' lang='grc' dir='ltr'><em>ἐμοί</em></span> <span class='ocrx_word' id='word_1_102' title='bbox 332 1465 373 1507; x_wconf 86' lang='grc' dir='ltr'><strong>σοι</strong></span> <span class='ocrx_word' id='word_1_103' title='bbox 396 1447 443 1506; x_wconf 87' lang='grc' dir='ltr'><em>νῶν</em></span> <span class='ocrx_word' id='word_1_104' title='bbox 466 1441 725 1522; x_wconf 73' lang='grc' dir='ltr'><em>παρρησιαζόμενος</em></span> <span class='ocrx_word' id='word_1_105' title='bbox 748 1441 845 1519; x_wconf 74' lang='grc' dir='ltr'><em>λέγω.</em></span> <span class='ocrx_word' id='word_1_106' title='bbox 869 1440 912 1507; x_wconf 82' lang='grc' dir='ltr'><strong>ύτι</strong></span> <span class='ocrx_word' id='word_1_107' title='bbox 935 1443 980 1506; x_wconf 82' lang='grc' dir='ltr'><strong>δεῖ</strong></span> <span class='ocrx_word' id='word_1_108' title='bbox 999 1443 1046 1508; x_wconf 87' lang='grc' dir='ltr'><strong>τδν</strong></span> <span class='ocrx_word' id='word_1_109' title='bbox 1068 1443 1147 1522; x_wconf 85' lang='grc' dir='ltr'><em>ύρύῶς</em></span> <span class='ocrx_word' id='word_1_110' title='bbox 1167 1443 1342 1520; x_wconf 77' lang='grc' dir='ltr'><em>βιασόμενον</em></span> 
     </span>
     <span class='ocr_line' id='line_1_12' title="bbox 213 1541 1341 1624; baseline 0.002 -12"><span class='ocrx_word' id='word_1_111' title='bbox 213 1547 270 1619; x_wconf 80' lang='grc' dir='ltr'><em>τῶς</em></span> <span class='ocrx_word' id='word_1_112' title='bbox 292 1547 345 1623; x_wconf 80' lang='grc' dir='ltr'><strong>μὲν</strong></span> <span class='ocrx_word' id='word_1_113' title='bbox 367 1545 520 1624; x_wconf 83' lang='grc' dir='ltr'><em>ἐπιθυμίας</em></span> <span class='ocrx_word' id='word_1_114' title='bbox 542 1545 598 1618; x_wconf 76' lang='grc' dir='ltr'><em>τῶς</em></span> <span class='ocrx_word' id='word_1_115' title='bbox 621 1541 725 1610; x_wconf 81' lang='grc' dir='ltr'><em>ἑαυτοῦ</em></span> <span class='ocrx_word' id='word_1_116' title='bbox 748 1547 799 1611; x_wconf 80' lang='grc' dir='ltr'><strong>ἐῶν</strong></span> <span class='ocrx_word' id='word_1_117' title='bbox 821 1548 858 1618; x_wconf 84' lang='grc' dir='ltr'><strong>ῶς</strong></span> <span class='ocrx_word' id='word_1_118' title='bbox 878 1547 1026 1623; x_wconf 72' lang='grc' dir='ltr'><strong>μεγίστας</strong></span> <span class='ocrx_word' id='word_1_119' title='bbox 1046 1543 1116 1613; x_wconf 77' lang='grc' dir='ltr'><em>εἶναι</em></span> <span class='ocrx_word' id='word_1_120' title='bbox 1140 1548 1188 1612; x_wconf 75' lang='grc' dir='ltr'><em>καί</em></span> <span class='ocrx_word' id='word_1_121' title='bbox 1201 1549 1341 1624; x_wconf 66' lang='lat' dir='ltr'><strong>piscaci-</strong></span> 
     </span>
     <span class='ocr_line' id='line_1_13' title="bbox 162 1649 1343 1734; baseline -0.002 -12"><span class='ocrx_word' id='word_1_122' title='bbox 162 1657 205 1723; x_wconf 75' lang='grc'><strong>92</strong></span> <span class='ocrx_word' id='word_1_123' title='bbox 213 1655 287 1734; x_wconf 87' lang='grc' dir='ltr'><em>ζειν,</em></span> <span class='ocrx_word' id='word_1_124' title='bbox 309 1652 434 1725; x_wconf 81' lang='grc' dir='ltr'><em>ταύταις</em></span> <span class='ocrx_word' id='word_1_125' title='bbox 456 1651 538 1724; x_wconf 64' lang='grc' dir='ltr'><em>δ’·ῶς</em></span> <span class='ocrx_word' id='word_1_126' title='bbox 561 1652 720 1729; x_wconf 76' lang='grc' dir='ltr'><em>μεγίσταις</em></span> <span class='ocrx_word' id='word_1_127' title='bbox 743 1651 841 1724; x_wconf 88' lang='grc' dir='ltr'><em>ούσιιις</em></span> <span class='ocrx_word' id='word_1_128' title='bbox 864 1653 959 1718; x_wconf 81' lang='grc' dir='ltr'><em>ἱκανδν</em></span> <span class='ocrx_word' id='word_1_129' title='bbox 982 1649 1053 1717; x_wconf 81' lang='grc' dir='ltr'><em>εἶναι</em></span> <span class='ocrx_word' id='word_1_130' title='bbox 1076 1655 1224 1732; x_wconf 70' lang='grc' dir='ltr'><em>ὑπηρετεῖν</em></span> <span class='ocrx_word' id='word_1_131' title='bbox 1238 1655 1274 1720; x_wconf 83' lang='grc' dir='ltr'><strong>δι’</strong></span> <span class='ocrx_word' id='word_1_132' title='bbox 1289 1656 1343 1720; x_wconf 82' lang='grc' dir='ltr'><strong>ῶν-</strong></span> 
     </span>
     <span class='ocr_line' id='line_1_14' title="bbox 212 1753 1412 1840; baseline 0.003 -17"><span class='ocrx_word' id='word_1_133' title='bbox 212 1758 305 1840; x_wconf 86' lang='grc' dir='ltr'><em>δρείαν</em></span> <span class='ocrx_word' id='word_1_134' title='bbox 325 1759 375 1823; x_wconf 79' lang='grc' dir='ltr'><strong>καὶ</strong></span> <span class='ocrx_word' id='word_1_135' title='bbox 398 1757 531 1840; x_wconf 75' lang='grc' dir='ltr'><em>Φρόνησιν</em></span> <span class='ocrx_word' id='word_1_136' title='bbox 550 1756 843 1836; x_wconf 79' lang='grc' dir='ltr'><em>καύῶποτιμτλοίναι</em></span> <span class='ocrx_word' id='word_1_137' title='bbox 855 1753 891 1823; x_wconf 85' lang='grc' dir='ltr'><strong>ῶν</strong></span> <span class='ocrx_word' id='word_1_138' title='bbox 903 1756 997 1822; x_wconf 72' lang='lat' dir='ltr'><strong>deciri</strong></span> <span class='ocrx_word' id='word_1_139' title='bbox 1010 1761 1028 1834; x_wconf 74' lang='grc' dir='ltr'><em>ἡ</em></span> <span class='ocrx_word' id='word_1_140' title='bbox 1040 1759 1339 1838; x_wconf 74' lang='grc' dir='ltr'><em>ἑτιθυμίαγίγννται.</em></span> <span class='ocrx_word' id='word_1_141' title='bbox 1410 1793 1412 1797; x_wconf 56' lang='grc'>’</span> 
     </span>
    </p>
   </div>
   <div class='ocr_carea' id='block_1_3' title="bbox 184 1902 1456 4609">
    <p class='ocr_par' dir='ltr' id='par_1_3' title="bbox 184 1902 1456 4609">
     <span class='ocr_line' id='line_1_15' title="bbox 210 1902 1456 1979; baseline 0.001 -18"><span class='ocrx_word' id='word_1_142' title='bbox 210 1909 303 1961; x_wconf 70' lang='lat' dir='ltr'><strong>vanus.</strong></span> <span class='ocrx_word' id='word_1_143' title='bbox 327 1910 387 1959; x_wconf 85' lang='lat' dir='ltr'><strong>Non</strong></span> <span class='ocrx_word' id='word_1_144' title='bbox 407 1924 463 1959; x_wconf 87' lang='lat' dir='ltr'><strong>raro</strong></span> <span class='ocrx_word' id='word_1_145' title='bbox 483 1909 552 1975; x_wconf 88' lang='lat' dir='ltr'><strong>apud</strong></span> <span class='ocrx_word' id='word_1_146' title='bbox 567 1925 624 1959; x_wconf 90' lang='lat' dir='ltr'><strong>eum</strong></span> <span class='ocrx_word' id='word_1_147' title='bbox 641 1909 752 1959; x_wconf 84' lang='lat' dir='ltr'><strong>occurrit</strong></span> <span class='ocrx_word' id='word_1_148' title='bbox 801 1913 888 1979; x_wconf 71' lang='grc' dir='ltr'><em>σφόδρα</em></span> <span class='ocrx_word' id='word_1_149' title='bbox 904 1938 936 1948; x_wconf 92' lang='lat'>-</span> <span class='ocrx_word' id='word_1_150' title='bbox 950 1911 1053 1962; x_wconf 85' lang='grc' dir='ltr'><em>δουλεύων</em></span> <span class='ocrx_word' id='word_1_151' title='bbox 1066 1913 1148 1976; x_wconf 81' lang='grc' dir='ltr'><em>ύτῳοῦν</em></span> <span class='ocrx_word' id='word_1_152' title='bbox 1160 1916 1227 1962; x_wconf 82' lang='lat' dir='ltr'><strong>recte</strong></span> <span class='ocrx_word' id='word_1_153' title='bbox 1234 1912 1341 1978; x_wconf 86' lang='lat' dir='ltr'><strong>explica·</strong></span> <span class='ocrx_word' id='word_1_154' title='bbox 1434 1939 1435 1942; x_wconf 63' lang='lat'><em>=</em></span> <span class='ocrx_word' id='word_1_155' title='bbox 1455 1902 1456 1907; x_wconf 33' lang='lat'>¹</span> 
     </span>
     <span class='ocr_line' id='line_1_16' title="bbox 210 1976 1340 2042; baseline 0.002 -16"><span class='ocrx_word' id='word_1_156' title='bbox 210 1976 357 2026; x_wconf 71' lang='lat' dir='ltr'><strong>adverbium</strong></span> <span class='ocrx_word' id='word_1_157' title='bbox 372 1979 461 2039; x_wconf 76' lang='grc' dir='ltr'><em>ἁπλῶς,</em></span> <span class='ocrx_word' id='word_1_158' title='bbox 483 1976 524 2026; x_wconf 91' lang='lat' dir='ltr'><strong>cui</strong></span> <span class='ocrx_word' id='word_1_159' title='bbox 542 1991 614 2041; x_wconf 82' lang='lat' dir='ltr'><strong>saepe</strong></span> <span class='ocrx_word' id='word_1_160' title='bbox 630 1978 699 2034; x_wconf 80' lang='grc' dir='ltr'><em>ούτοις</em></span> <span class='ocrx_word' id='word_1_161' title='bbox 715 1976 751 2026; x_wconf 86' lang='lat' dir='ltr'><strong>ita</strong></span> <span class='ocrx_word' id='word_1_162' title='bbox 800 1983 903 2035; x_wconf 84' lang='lat' dir='ltr'><strong>verunt,</strong></span> <span class='ocrx_word' id='word_1_163' title='bbox 917 1992 1055 2042; x_wconf 90' lang='lat' dir='ltr'><strong>pronomen</strong></span> <span class='ocrx_word' id='word_1_164' title='bbox 1065 1981 1146 2029; x_wconf 86' lang='grc' dir='ltr'><em>δτωούν</em></span> <span class='ocrx_word' id='word_1_165' title='bbox 1156 1978 1289 2027; x_wconf 85' lang='lat' dir='ltr'><strong>masculini</strong></span> <span class='ocrx_word' id='word_1_166' title='bbox 1300 1994 1340 2042; x_wconf 90' lang='lat' dir='ltr'><strong>ge·</strong></span> 
     </span>
     <span class='ocr_line' id='line_1_17' title="bbox 210 2027 1342 2107; baseline 0.001 -15"><span class='ocrx_word' id='word_1_167' title='bbox 210 2042 297 2100; x_wconf 85' lang='lat' dir='ltr'><strong>addit,</strong></span> <span class='ocrx_word' id='word_1_168' title='bbox 312 2046 343 2091; x_wconf 92' lang='lat' dir='ltr'><strong>ut</strong></span> <span class='ocrx_word' id='word_1_169' title='bbox 352 2041 478 2092; x_wconf 87' lang='lat' dir='ltr'><strong>abundare</strong></span> <span class='ocrx_word' id='word_1_170' title='bbox 488 2042 602 2092; x_wconf 84' lang='lat' dir='ltr'><strong>videatur</strong></span> <span class='ocrx_word' id='word_1_171' title='bbox 613 2041 751 2091; x_wconf 87' lang='lat' dir='ltr'><strong>secundum</strong></span> <span class='ocrx_word' id='word_1_172' title='bbox 799 2043 866 2092; x_wconf 90' lang='lat' dir='ltr'><strong>neris</strong></span> <span class='ocrx_word' id='word_1_173' title='bbox 883 2058 936 2107; x_wconf 80' lang='lat' dir='ltr'><strong>esse</strong></span> <span class='ocrx_word' id='word_1_174' title='bbox 951 2043 1009 2093; x_wconf 84' lang='lat' dir='ltr'><strong>rati.</strong></span> <span class='ocrx_word' id='word_1_175' title='bbox 1038 2027 1153 2093; x_wconf 79' lang='lat' dir='ltr'><strong>Callicles</strong></span> <span class='ocrx_word' id='word_1_176' title='bbox 1170 2044 1247 2092; x_wconf 90' lang='lat' dir='ltr'><strong>sicuti</strong></span> <span class='ocrx_word' id='word_1_177' title='bbox 1264 2060 1342 2105; x_wconf 90' lang='lat' dir='ltr'><strong>snpra</strong></span> 
     </span>
     <span class='ocr_line' id='line_1_18' title="bbox 210 2107 1341 2178; baseline 0.002 -20"><span class='ocrx_word' id='word_1_178' title='bbox 210 2113 353 2158; x_wconf 86' lang='lat' dir='ltr'><strong>nostrarum</strong></span> <span class='ocrx_word' id='word_1_179' title='bbox 377 2107 520 2170; x_wconf 87' lang='lat' dir='ltr'><strong>linguarum</strong></span> <span class='ocrx_word' id='word_1_180' title='bbox 537 2107 638 2157; x_wconf 86' lang='lat' dir='ltr'><strong>idioma.</strong></span> <span class='ocrx_word' id='word_1_181' title='bbox 665 2107 750 2167; x_wconf 75' lang='lat' dir='ltr'><strong>Quare</strong></span> <span class='ocrx_word' id='word_1_182' title='bbox 780 2108 824 2170; x_wconf 87' lang='lat' dir='ltr'><strong>in</strong></span> <span class='ocrx_word' id='word_1_183' title='bbox 849 2111 914 2166; x_wconf 63' lang='grc'><strong>483.</strong></span> <span class='ocrx_word' id='word_1_184' title='bbox 934 2109 1010 2158; x_wconf 89' lang='lat' dir='ltr'><strong>stiam</strong></span> <span class='ocrx_word' id='word_1_185' title='bbox 1035 2109 1077 2158; x_wconf 91' lang='lat' dir='ltr'><strong>hic</strong></span> <span class='ocrx_word' id='word_1_186' title='bbox 1103 2125 1177 2158; x_wconf 87' lang='lat' dir='ltr'><strong>sunm</strong></span> <span class='ocrx_word' id='word_1_187' title='bbox 1199 2115 1260 2162; x_wconf 83' lang='grc' dir='ltr'><em>κατὰ</em></span> <span class='ocrx_word' id='word_1_188' title='bbox 1280 2112 1341 2178; x_wconf 72' lang='grc' dir='ltr'><em>φύσιν</em></span> 
     </span>
     <span class='ocr_line' id='line_1_19' title="bbox 210 2172 1339 2241; baseline 0.002 -18"><span class='ocrx_word' id='word_1_189' title='bbox 210 2178 285 2233; x_wconf 79' lang='lat' dir='ltr'><strong>sunt,</strong></span> <span class='ocrx_word' id='word_1_190' title='bbox 308 2173 353 2238; x_wconf 89' lang='lat' dir='ltr'><strong>qui</strong></span> <span class='ocrx_word' id='word_1_191' title='bbox 372 2172 400 2222; x_wconf 88' lang='lat' dir='ltr'><strong>id</strong></span> <span class='ocrx_word' id='word_1_192' title='bbox 416 2175 484 2232; x_wconf 86' lang='grc' dir='ltr'><em>ούτοις</em></span> <span class='ocrx_word' id='word_1_193' title='bbox 500 2173 634 2224; x_wconf 83' lang='lat' dir='ltr'><strong>delendum</strong></span> <span class='ocrx_word' id='word_1_194' title='bbox 650 2177 749 2235; x_wconf 86' lang='lat' dir='ltr'><strong>putant.</strong></span> <span class='ocrx_word' id='word_1_195' title='bbox 798 2178 862 2226; x_wconf 81' lang='grc' dir='ltr'><em>καλὸν</em></span> <span class='ocrx_word' id='word_1_196' title='bbox 879 2179 916 2226; x_wconf 78' lang='grc' dir='ltr'><em>καὶ</em></span> <span class='ocrx_word' id='word_1_197' title='bbox 933 2176 1014 2230; x_wconf 83' lang='grc' dir='ltr'><em>δίκαιον</em></span> <span class='ocrx_word' id='word_1_198' title='bbox 1024 2175 1204 2240; x_wconf 76' lang='lat' dir='ltr'>disputationis</span> <span class='ocrx_word' id='word_1_199' title='bbox 1215 2176 1339 2241; x_wconf 82' lang='lat' dir='ltr'><strong>hypothe-</strong></span> 
     </span>
     <span class='ocr_line' id='line_1_20' title="bbox 210 2237 1405 2306; baseline -0.001 -18"><span class='ocrx_word' id='word_1_200' title='bbox 210 2239 266 2288; x_wconf 78' lang='lat' dir='ltr'><strong>Iro</strong></span> <span class='ocrx_word' id='word_1_201' title='bbox 290 2254 348 2289; x_wconf 79' lang='lat' dir='ltr'><strong>vero</strong></span> <span class='ocrx_word' id='word_1_202' title='bbox 370 2254 423 2288; x_wconf 88' lang='lat' dir='ltr'><strong>non</strong></span> <span class='ocrx_word' id='word_1_203' title='bbox 444 2240 525 2288; x_wconf 88' lang='lat' dir='ltr'><strong>susim</strong></span> <span class='ocrx_word' id='word_1_204' title='bbox 547 2237 614 2287; x_wconf 92' lang='lat' dir='ltr'><strong>illud</strong></span> <span class='ocrx_word' id='word_1_205' title='bbox 635 2239 703 2296; x_wconf 80' lang='grc' dir='ltr'><em>ούτως</em></span> <span class='ocrx_word' id='word_1_206' title='bbox 719 2253 749 2286; x_wconf 85' lang='lat' dir='ltr'><strong>cx</strong></span> <span class='ocrx_word' id='word_1_207' title='bbox 798 2241 838 2289; x_wconf 91' lang='lat' dir='ltr'><strong>sin</strong></span> <span class='ocrx_word' id='word_1_208' title='bbox 853 2239 961 2299; x_wconf 84' lang='lat' dir='ltr'><strong>faciens,</strong></span> <span class='ocrx_word' id='word_1_209' title='bbox 978 2241 1095 2289; x_wconf 84' lang='lat' dir='ltr'><strong>abhorret</strong></span> <span class='ocrx_word' id='word_1_210' title='bbox 1110 2256 1140 2289; x_wconf 83' lang='lat' dir='ltr'><strong>ac</strong></span> <span class='ocrx_word' id='word_1_211' title='bbox 1155 2241 1252 2306; x_wconf 79' lang='lat' dir='ltr'>respuit</span> <span class='ocrx_word' id='word_1_212' title='bbox 1266 2257 1339 2291; x_wconf 89' lang='lat' dir='ltr'><strong>omns</strong></span> <span class='ocrx_word' id='word_1_213' title='bbox 1402 2277 1405 2287; x_wconf 95' lang='lat'><em>.</em></span> 
     </span>
     <span class='ocr_line' id='line_1_21' title="bbox 248 2300 1339 2374; baseline 0.002 -20"><span class='ocrx_word' id='word_1_214' title='bbox 248 2305 334 2354; x_wconf 87' lang='lat' dir='ltr'><strong>oloco</strong></span> <span class='ocrx_word' id='word_1_215' title='bbox 350 2300 451 2371; x_wconf 81' lang='lat' dir='ltr'><strong>ejicere,</strong></span> <span class='ocrx_word' id='word_1_216' title='bbox 468 2304 615 2369; x_wconf 74' lang='lat' dir='ltr'><strong>quinetiam</strong></span> <span class='ocrx_word' id='word_1_217' title='bbox 626 2304 749 2353; x_wconf 82' lang='lat' dir='ltr'><strong>Aristote-</strong></span> <span class='ocrx_word' id='word_1_218' title='bbox 797 2307 903 2358; x_wconf 87' lang='grc' dir='ltr'><em>δουλιύιιι</em></span> <span class='ocrx_word' id='word_1_219' title='bbox 923 2321 997 2355; x_wconf 90' lang='lat' dir='ltr'><strong>omne</strong></span> <span class='ocrx_word' id='word_1_220' title='bbox 1020 2311 1134 2374; x_wconf 79' lang='grc' dir='ltr'><em>ἄρχεσθαι</em></span> <span class='ocrx_word' id='word_1_221' title='bbox 1153 2322 1167 2355; x_wconf 89' lang='lat' dir='ltr'><strong>s</strong></span> <span class='ocrx_word' id='word_1_222' title='bbox 1183 2322 1339 2370; x_wconf 86' lang='lat' dir='ltr'><strong>quacumque</strong></span> 
     </span>
     <span class='ocr_line' id='line_1_22' title="bbox 208 2369 1339 2442; baseline 0.001 -22"><span class='ocrx_word' id='word_1_223' title='bbox 208 2370 245 2421; x_wconf 89' lang='lat' dir='ltr'><strong>les</strong></span> <span class='ocrx_word' id='word_1_224' title='bbox 256 2374 392 2435; x_wconf 88' lang='lat' dir='ltr'><strong>utrumque</strong></span> <span class='ocrx_word' id='word_1_225' title='bbox 402 2385 474 2436; x_wconf 85' lang='lat' dir='ltr'><strong>saepe</strong></span> <span class='ocrx_word' id='word_1_226' title='bbox 484 2370 561 2420; x_wconf 85' lang='lat' dir='ltr'><strong>ssden</strong></span> <span class='ocrx_word' id='word_1_227' title='bbox 569 2370 665 2418; x_wconf 88' lang='lat' dir='ltr'><strong>ratione</strong></span> <span class='ocrx_word' id='word_1_228' title='bbox 673 2369 749 2419; x_wconf 90' lang='lat' dir='ltr'><strong>simul</strong></span> <span class='ocrx_word' id='word_1_229' title='bbox 797 2387 831 2421; x_wconf 88' lang='lat' dir='ltr'><strong>re.</strong></span> <span class='ocrx_word' id='word_1_230' title='bbox 854 2369 937 2434; x_wconf 79' lang='lat' dir='ltr'><strong>Igitur</strong></span> <span class='ocrx_word' id='word_1_231' title='bbox 948 2373 1022 2421; x_wconf 88' lang='lat' dir='ltr'><strong>etiam</strong></span> <span class='ocrx_word' id='word_1_232' title='bbox 1033 2377 1060 2423; x_wconf 84' lang='grc' dir='ltr'><strong>τύ</strong></span> <span class='ocrx_word' id='word_1_233' title='bbox 1071 2378 1152 2442; x_wconf 74' lang='grc' dir='ltr'><em>ἄρχειν</em></span> <span class='ocrx_word' id='word_1_234' title='bbox 1164 2385 1208 2424; x_wconf 82' lang='grc' dir='ltr'><strong>τῶν</strong></span> <span class='ocrx_word' id='word_1_235' title='bbox 1218 2377 1339 2437; x_wconf 76' lang='grc' dir='ltr'><em>ἐπιθυμιῶν</em></span> 
     </span>
     <span class='ocr_line' id='line_1_23' title="bbox 209 2434 1339 2502; baseline 0.002 -16"><span class='ocrx_word' id='word_1_236' title='bbox 209 2436 298 2494; x_wconf 85' lang='lat' dir='ltr'><strong>habet,</strong></span> <span class='ocrx_word' id='word_1_237' title='bbox 315 2441 487 2502; x_wconf 75' lang='lat' dir='ltr'><strong>praeterquam</strong></span> <span class='ocrx_word' id='word_1_238' title='bbox 504 2434 573 2501; x_wconf 88' lang='lat' dir='ltr'><strong>quod</strong></span> <span class='ocrx_word' id='word_1_239' title='bbox 589 2435 659 2484; x_wconf 88' lang='lat' dir='ltr'><strong>nnlla</strong></span> <span class='ocrx_word' id='word_1_240' title='bbox 675 2451 750 2484; x_wconf 87' lang='lat' dir='ltr'><strong>causa</strong></span> <span class='ocrx_word' id='word_1_241' title='bbox 797 2436 909 2487; x_wconf 82' lang='lat' dir='ltr'><strong>defendit</strong></span> <span class='ocrx_word' id='word_1_242' title='bbox 932 2441 1007 2501; x_wconf 89' lang='lat' dir='ltr'><strong>atque</strong></span> <span class='ocrx_word' id='word_1_243' title='bbox 1025 2438 1061 2487; x_wconf 90' lang='lat' dir='ltr'><strong>sic</strong></span> <span class='ocrx_word' id='word_1_244' title='bbox 1078 2437 1199 2502; x_wconf 87' lang='lat' dir='ltr'><strong>explicat,</strong></span> <span class='ocrx_word' id='word_1_245' title='bbox 1216 2442 1246 2486; x_wconf 92' lang='lat' dir='ltr'><strong>ut</strong></span> <span class='ocrx_word' id='word_1_246' title='bbox 1262 2439 1296 2486; x_wconf 90' lang='lat' dir='ltr'><strong>sit</strong></span> <span class='ocrx_word' id='word_1_247' title='bbox 1311 2444 1339 2490; x_wconf 85' lang='grc' dir='ltr'><strong>τύ</strong></span> 
     </span>
     <span class='ocr_line' id='line_1_24' title="bbox 209 2499 1339 2568; baseline 0 -17"><span class='ocrx_word' id='word_1_248' title='bbox 209 2503 344 2566; x_wconf 83' lang='lat' dir='ltr'><strong>excogitari</strong></span> <span class='ocrx_word' id='word_1_249' title='bbox 368 2502 465 2568; x_wconf 85' lang='lat' dir='ltr'><strong>possit,</strong></span> <span class='ocrx_word' id='word_1_250' title='bbox 494 2517 540 2551; x_wconf 87' lang='lat' dir='ltr'><strong>our</strong></span> <span class='ocrx_word' id='word_1_251' title='bbox 563 2500 660 2550; x_wconf 87' lang='lat' dir='ltr'><strong>librarii</strong></span> <span class='ocrx_word' id='word_1_252' title='bbox 684 2499 749 2551; x_wconf 85' lang='lat' dir='ltr'><strong>illud</strong></span> <span class='ocrx_word' id='word_1_253' title='bbox 792 2519 866 2567; x_wconf 82' lang='lat' dir='ltr'><strong>posse</strong></span> <span class='ocrx_word' id='word_1_254' title='bbox 884 2503 1037 2568; x_wconf 68' lang='lat' dir='ltr'><strong>(lambebat</strong></span> <span class='ocrx_word' id='word_1_255' title='bbox 1054 2503 1105 2552; x_wconf 86' lang='lat' dir='ltr'><strong>sive</strong></span> <span class='ocrx_word' id='word_1_256' title='bbox 1121 2505 1236 2564; x_wconf 86' lang='grc' dir='ltr'><em>δύνασθαι)</em></span> <span class='ocrx_word' id='word_1_257' title='bbox 1253 2503 1339 2552; x_wconf 81' lang='lat' dir='ltr'><strong>omnis</strong></span> 
     </span>
     <span class='ocr_line' id='line_1_25' title="bbox 184 2566 1338 2635; baseline 0.001 -18"><span class='ocrx_word' id='word_1_258' title='bbox 184 2613 186 2617; x_wconf 80' lang='grc'>,</span> <span class='ocrx_word' id='word_1_259' title='bbox 208 2569 278 2626; x_wconf 80' lang='grc' dir='ltr'><em>υύτως</em></span> <span class='ocrx_word' id='word_1_260' title='bbox 293 2567 446 2626; x_wconf 72' lang='lat' dir='ltr'><strong>addiderint,</strong></span> <span class='ocrx_word' id='word_1_261' title='bbox 464 2567 556 2617; x_wconf 88' lang='lat' dir='ltr'><strong>nedum</strong></span> <span class='ocrx_word' id='word_1_262' title='bbox 568 2582 613 2616; x_wconf 86' lang='lat' dir='ltr'><strong>cur</strong></span> <span class='ocrx_word' id='word_1_263' title='bbox 623 2566 707 2616; x_wconf 89' lang='lat' dir='ltr'><strong>toties.</strong></span> <span class='ocrx_word' id='word_1_264' title='bbox 718 2594 749 2602; x_wconf 94' lang='lat'>-</span> <span class='ocrx_word' id='word_1_265' title='bbox 797 2567 1338 2635; x_wconf 69' lang='lat' dir='ltr'><strong>lorpirimocisaiscolaptc&#39;tibas:hccposse</strong></span> 
     </span>
     <span class='ocr_line' id='line_1_26' title="bbox 208 2633 1337 2702; baseline 0.001 -19"><span class='ocrx_word' id='word_1_266' title='bbox 208 2634 288 2684; x_wconf 80' lang='lat' dir='ltr'><strong>Porro</strong></span> <span class='ocrx_word' id='word_1_267' title='bbox 304 2634 333 2683; x_wconf 90' lang='lat' dir='ltr'><strong>in</strong></span> <span class='ocrx_word' id='word_1_268' title='bbox 349 2633 444 2697; x_wconf 76' lang='lat' dir='ltr'><strong>Gorgia</strong></span> <span class='ocrx_word' id='word_1_269' title='bbox 458 2633 576 2697; x_wconf 83' lang='lat' dir='ltr'><strong>leguntur</strong></span> <span class='ocrx_word' id='word_1_270' title='bbox 592 2642 633 2684; x_wconf 74' lang='lat' dir='ltr'><strong>zo.</strong></span> <span class='ocrx_word' id='word_1_271' title='bbox 645 2639 749 2702; x_wconf 77' lang='grc' dir='ltr'><em>Πῶςρύιρ</em></span> <span class='ocrx_word' id='word_1_272' title='bbox 797 2639 836 2684; x_wconf 89' lang='lat' dir='ltr'><strong>est</strong></span> <span class='ocrx_word' id='word_1_273' title='bbox 852 2635 990 2685; x_wconf 86' lang='lat' dir='ltr'><strong>secundum</strong></span> <span class='ocrx_word' id='word_1_274' title='bbox 1005 2651 1063 2685; x_wconf 91' lang='lat' dir='ltr'><strong>eum</strong></span> <span class='ocrx_word' id='word_1_275' title='bbox 1079 2635 1127 2685; x_wconf 84' lang='lat' dir='ltr'><strong>viri</strong></span> <span class='ocrx_word' id='word_1_276' title='bbox 1137 2633 1211 2684; x_wconf 85' lang='lat' dir='ltr'><strong>fortis</strong></span> <span class='ocrx_word' id='word_1_277' title='bbox 1222 2639 1247 2685; x_wconf 92' lang='lat' dir='ltr'><strong>et</strong></span> <span class='ocrx_word' id='word_1_278' title='bbox 1259 2635 1337 2694; x_wconf 83' lang='lat' dir='ltr'><strong>beati,</strong></span> 
     </span>
     <span class='ocr_line' id='line_1_27' title="bbox 209 2698 1351 2768; baseline -0.001 -17"><span class='ocrx_word' id='word_1_279' title='bbox 209 2703 248 2768; x_wconf 76' lang='lat' dir='ltr'><strong>ci5</strong></span> <span class='ocrx_word' id='word_1_280' title='bbox 273 2715 337 2764; x_wconf 89' lang='lat' dir='ltr'><strong>quae</strong></span> <span class='ocrx_word' id='word_1_281' title='bbox 357 2699 473 2749; x_wconf 85' lang='lat' dir='ltr'><strong>nonnulli</strong></span> <span class='ocrx_word' id='word_1_282' title='bbox 497 2698 595 2749; x_wconf 72' lang='lat' dir='ltr'><strong>onlicli</strong></span> <span class='ocrx_word' id='word_1_283' title='bbox 611 2699 748 2747; x_wconf 77' lang='lat' dir='ltr'><strong>tribuentes</strong></span> <span class='ocrx_word' id='word_1_284' title='bbox 796 2701 844 2750; x_wconf 92' lang='lat' dir='ltr'><strong>hoo</strong></span> <span class='ocrx_word' id='word_1_285' title='bbox 866 2716 918 2750; x_wconf 90' lang='lat' dir='ltr'><strong>non</strong></span> <span class='ocrx_word' id='word_1_286' title='bbox 936 2716 1010 2766; x_wconf 91' lang='lat' dir='ltr'><strong>posse</strong></span> <span class='ocrx_word' id='word_1_287' title='bbox 1030 2701 1113 2764; x_wconf 85' lang='lat' dir='ltr'><strong>ignavi</strong></span> <span class='ocrx_word' id='word_1_288' title='bbox 1135 2704 1160 2750; x_wconf 91' lang='lat' dir='ltr'><strong>et</strong></span> <span class='ocrx_word' id='word_1_289' title='bbox 1181 2701 1273 2750; x_wconf 84' lang='lat' dir='ltr'><strong>miseri.</strong></span> <span class='ocrx_word' id='word_1_290' title='bbox 1303 2700 1351 2749; x_wconf 86' lang='lat' dir='ltr'><strong>In</strong></span> 
     </span>
     <span class='ocr_line' id='line_1_28' title="bbox 209 2765 1336 2833; baseline -0.001 -17"><span class='ocrx_word' id='word_1_291' title='bbox 209 2766 366 2830; x_wconf 77' lang='lat' dir='ltr'><strong>conjungunt</strong></span> <span class='ocrx_word' id='word_1_292' title='bbox 385 2781 442 2814; x_wconf 88' lang='lat' dir='ltr'><strong>cum</strong></span> <span class='ocrx_word' id='word_1_293' title='bbox 462 2765 544 2816; x_wconf 85' lang='lat' dir='ltr'><strong>verbis</strong></span> <span class='ocrx_word' id='word_1_294' title='bbox 559 2766 609 2822; x_wconf 89' lang='grc' dir='ltr'><em>τούς</em></span> <span class='ocrx_word' id='word_1_295' title='bbox 626 2773 655 2815; x_wconf 92' lang='grc' dir='ltr'><em>σ’</em></span> <span class='ocrx_word' id='word_1_296' title='bbox 672 2784 746 2833; x_wconf 89' lang='grc' dir='ltr'><em>ρουας.</em></span> <span class='ocrx_word' id='word_1_297' title='bbox 797 2767 844 2816; x_wconf 81' lang='grc'><strong>494</strong></span> <span class='ocrx_word' id='word_1_298' title='bbox 866 2766 887 2816; x_wconf 81' lang='grc' dir='ltr'>Ο</span> <span class='ocrx_word' id='word_1_299' title='bbox 909 2766 1023 2816; x_wconf 75' lang='lat' dir='ltr'><strong>Callicles</strong></span> <span class='ocrx_word' id='word_1_300' title='bbox 1045 2767 1112 2815; x_wconf 88' lang='lat' dir='ltr'><strong>idem</strong></span> <span class='ocrx_word' id='word_1_301' title='bbox 1133 2768 1225 2831; x_wconf 86' lang='lat' dir='ltr'><strong>repetit</strong></span> <span class='ocrx_word' id='word_1_302' title='bbox 1244 2766 1336 2816; x_wconf 84' lang='lat' dir='ltr'><strong>diserte</strong></span> 
     </span>
     <span class='ocr_line' id='line_1_29' title="bbox 209 2830 1336 2897; baseline 0 -15"><span class='ocrx_word' id='word_1_303' title='bbox 209 2831 305 2887; x_wconf 83' lang='lat' dir='ltr'><strong>Verum</strong></span> <span class='ocrx_word' id='word_1_304' title='bbox 316 2847 344 2881; x_wconf 88' lang='lat' dir='ltr'><strong>ea</strong></span> <span class='ocrx_word' id='word_1_305' title='bbox 354 2830 471 2880; x_wconf 78' lang='lat' dir='ltr'><strong>sinentis</strong></span> <span class='ocrx_word' id='word_1_306' title='bbox 484 2830 641 2880; x_wconf 76' lang='lat' dir='ltr'><strong>dubitatione</strong></span> <span class='ocrx_word' id='word_1_307' title='bbox 667 2831 747 2879; x_wconf 88' lang='lat' dir='ltr'><strong>ocrsti</strong></span> <span class='ocrx_word' id='word_1_308' title='bbox 794 2847 823 2881; x_wconf 78' lang='lat' dir='ltr'><strong>ac</strong></span> <span class='ocrx_word' id='word_1_309' title='bbox 846 2832 921 2897; x_wconf 84' lang='lat' dir='ltr'><strong>plane</strong></span> <span class='ocrx_word' id='word_1_310' title='bbox 943 2833 984 2882; x_wconf 82' lang='lat' dir='ltr'><strong>his</strong></span> <span class='ocrx_word' id='word_1_311' title='bbox 1003 2833 1085 2881; x_wconf 89' lang='lat' dir='ltr'><strong>verbis</strong></span> <span class='ocrx_word' id='word_1_312' title='bbox 1100 2838 1128 2885; x_wconf 83' lang='grc' dir='ltr'><em>τὸ</em></span> <span class='ocrx_word' id='word_1_313' title='bbox 1143 2835 1211 2891; x_wconf 80' lang='grc' dir='ltr'><em>ύδιως</em></span> <span class='ocrx_word' id='word_1_314' title='bbox 1228 2842 1268 2895; x_wconf 80' lang='grc' dir='ltr'><em>ζῆν</em></span> <span class='ocrx_word' id='word_1_315' title='bbox 1283 2847 1336 2882; x_wconf 86' lang='lat' dir='ltr'><strong>esse</strong></span> 
     </span>
     <span class='ocr_line' id='line_1_30' title="bbox 208 2895 1336 2964; baseline 0.002 -18"><span class='ocrx_word' id='word_1_316' title='bbox 208 2897 348 2946; x_wconf 83' lang='lat' dir='ltr'><strong>tribuenda.</strong></span> <span class='ocrx_word' id='word_1_317' title='bbox 374 2895 408 2945; x_wconf 90' lang='lat' dir='ltr'><strong>In</strong></span> <span class='ocrx_word' id='word_1_318' title='bbox 423 2896 578 2960; x_wconf 83' lang='lat' dir='ltr'><strong>longioribus</strong></span> <span class='ocrx_word' id='word_1_319' title='bbox 591 2895 746 2952; x_wconf 83' lang='lat' dir='ltr'><strong>sermonibus</strong></span> <span class='ocrx_word' id='word_1_320' title='bbox 794 2899 892 2964; x_wconf 83' lang='grc' dir='ltr'><em>διψῶντα</em></span> <span class='ocrx_word' id='word_1_321' title='bbox 916 2901 986 2951; x_wconf 85' lang='grc' dir='ltr'><em>πίνειν</em></span> <span class='ocrx_word' id='word_1_322' title='bbox 1007 2901 1044 2949; x_wconf 78' lang='grc' dir='ltr'><em>καί</em></span> <span class='ocrx_word' id='word_1_323' title='bbox 1066 2904 1109 2956; x_wconf 81' lang='grc' dir='ltr'><strong>τὰς</strong></span> <span class='ocrx_word' id='word_1_324' title='bbox 1130 2902 1336 2963; x_wconf 59' lang='lat' dir='ltr'><strong>alternaretur</strong></span> 
     </span>
     <span class='ocr_line' id='line_1_31' title="bbox 208 2961 1358 3034; baseline 0 -22"><span class='ocrx_word' id='word_1_325' title='bbox 208 2963 298 3012; x_wconf 91' lang='lat' dir='ltr'><strong>mediis</strong></span> <span class='ocrx_word' id='word_1_326' title='bbox 322 2963 382 3012; x_wconf 89' lang='lat' dir='ltr'><strong>talia</strong></span> <span class='ocrx_word' id='word_1_327' title='bbox 403 2961 463 3012; x_wconf 87' lang='lat' dir='ltr'><strong>ferri</strong></span> <span class='ocrx_word' id='word_1_328' title='bbox 484 2966 604 3028; x_wconf 83' lang='lat' dir='ltr'><strong>possunt,</strong></span> <span class='ocrx_word' id='word_1_329' title='bbox 623 2961 667 3010; x_wconf 90' lang='lat' dir='ltr'><strong>ubi</strong></span> <span class='ocrx_word' id='word_1_330' title='bbox 687 2977 745 3010; x_wconf 84' lang='lat' dir='ltr'><strong>vero</strong></span> <span class='ocrx_word' id='word_1_331' title='bbox 794 2969 888 3022; x_wconf 78' lang='grc' dir='ltr'><em>ἁπάσας</em></span> <span class='ocrx_word' id='word_1_332' title='bbox 918 2969 1000 3030; x_wconf 69' lang='grc' dir='ltr'><em>ἔχοντα</em></span> <span class='ocrx_word' id='word_1_333' title='bbox 1031 2966 1135 3016; x_wconf 84' lang='grc' dir='ltr'><em>δύνασθαι</em></span> <span class='ocrx_word' id='word_1_334' title='bbox 1166 2968 1269 3034; x_wconf 62' lang='grc' dir='ltr'><em>πληροῦν.</em></span> <span class='ocrx_word' id='word_1_335' title='bbox 1298 2964 1335 3012; x_wconf 89' lang='lat' dir='ltr'><strong>sic</strong></span> <span class='ocrx_word' id='word_1_336' title='bbox 1357 2996 1358 2999; x_wconf 55' lang='lat'><em>=</em></span> 
     </span>
     <span class='ocr_line' id='line_1_32' title="bbox 208 3026 1334 3094; baseline -0.001 -16"><span class='ocrx_word' id='word_1_337' title='bbox 208 3028 295 3094; x_wconf 71' lang='lat' dir='ltr'><strong>panda</strong></span> <span class='ocrx_word' id='word_1_338' title='bbox 311 3029 377 3078; x_wconf 87' lang='lat' dir='ltr'><strong>inter</strong></span> <span class='ocrx_word' id='word_1_339' title='bbox 392 3045 419 3078; x_wconf 90' lang='lat' dir='ltr'><strong>se</strong></span> <span class='ocrx_word' id='word_1_340' title='bbox 435 3027 624 3092; x_wconf 88' lang='lat' dir='ltr'><strong>colloquuntur,</strong></span> <span class='ocrx_word' id='word_1_341' title='bbox 639 3026 678 3075; x_wconf 88' lang='lat' dir='ltr'><strong>uti</strong></span> <span class='ocrx_word' id='word_1_342' title='bbox 689 3026 745 3084; x_wconf 86' lang='lat' dir='ltr'><strong>hio,</strong></span> <span class='ocrx_word' id='word_1_343' title='bbox 794 3030 860 3078; x_wconf 87' lang='lat' dir='ltr'><strong>euim</strong></span> <span class='ocrx_word' id='word_1_344' title='bbox 882 3030 942 3079; x_wconf 88' lang='lat' dir='ltr'><strong>haec</strong></span> <span class='ocrx_word' id='word_1_345' title='bbox 965 3031 1079 3092; x_wconf 86' lang='lat' dir='ltr'><strong>legenda,</strong></span> <span class='ocrx_word' id='word_1_346' title='bbox 1095 3030 1136 3078; x_wconf 94' lang='lat' dir='ltr'><strong>uti</strong></span> <span class='ocrx_word' id='word_1_347' title='bbox 1151 3029 1216 3078; x_wconf 80' lang='lat' dir='ltr'><strong>infra</strong></span> <span class='ocrx_word' id='word_1_348' title='bbox 1233 3030 1334 3078; x_wconf 89' lang='lat' dir='ltr'><strong>demon-</strong></span> 
     </span>
     <span class='ocr_line' id='line_1_33' title="bbox 207 3092 1335 3159; baseline 0 -17"><span class='ocrx_word' id='word_1_349' title='bbox 207 3110 260 3142; x_wconf 90' lang='lat' dir='ltr'><strong>non</strong></span> <span class='ocrx_word' id='word_1_350' title='bbox 284 3094 334 3143; x_wconf 92' lang='lat' dir='ltr'><strong>nisi</strong></span> <span class='ocrx_word' id='word_1_351' title='bbox 357 3095 480 3143; x_wconf 80' lang='lat' dir='ltr'><strong>affirmem</strong></span> <span class='ocrx_word' id='word_1_352' title='bbox 505 3093 569 3142; x_wconf 84' lang='lat' dir='ltr'><strong>alius</strong></span> <span class='ocrx_word' id='word_1_353' title='bbox 593 3092 690 3156; x_wconf 85' lang='lat' dir='ltr'><strong>dictum</strong></span> <span class='ocrx_word' id='word_1_354' title='bbox 712 3103 746 3159; x_wconf 78' lang='grc' dir='ltr'><em>τῷ</em></span> <span class='ocrx_word' id='word_1_355' title='bbox 795 3094 936 3144; x_wconf 72' lang='lat' dir='ltr'><strong>ste-abimus.</strong></span> <span class='ocrx_word' id='word_1_356' title='bbox 964 3095 1056 3144; x_wconf 87' lang='lat' dir='ltr'><strong>Omnia</strong></span> <span class='ocrx_word' id='word_1_357' title='bbox 1079 3096 1181 3159; x_wconf 89' lang='lat' dir='ltr'><strong>quidem</strong></span> <span class='ocrx_word' id='word_1_358' title='bbox 1197 3095 1335 3143; x_wconf 87' lang='lat' dir='ltr'><strong>miscentur</strong></span> 
     </span>
     <span class='ocr_line' id='line_1_34' title="bbox 207 3157 1335 3228; baseline -0.001 -17"><span class='ocrx_word' id='word_1_359' title='bbox 207 3171 258 3218; x_wconf 80' lang='grc' dir='ltr'><strong>Πῶς</strong></span> <span class='ocrx_word' id='word_1_360' title='bbox 273 3165 319 3228; x_wconf 73' lang='grc' dir='ltr'><strong>γὰρ</strong></span> <span class='ocrx_word' id='word_1_361' title='bbox 336 3162 374 3226; x_wconf 71' lang='lat'><strong>⁹35</strong></span> <span class='ocrx_word' id='word_1_362' title='bbox 391 3160 430 3208; x_wconf 92' lang='lat' dir='ltr'><strong>uti</strong></span> <span class='ocrx_word' id='word_1_363' title='bbox 446 3163 536 3224; x_wconf 90' lang='lat' dir='ltr'><strong>potest.</strong></span> <span class='ocrx_word' id='word_1_364' title='bbox 553 3186 586 3195; x_wconf 91' lang='lat'>-</span> <span class='ocrx_word' id='word_1_365' title='bbox 601 3158 687 3220; x_wconf 82' lang='lat' dir='ltr'><strong>Pergit</strong></span> <span class='ocrx_word' id='word_1_366' title='bbox 701 3157 746 3207; x_wconf 83' lang='lat' dir='ltr'><strong>So·</strong></span> <span class='ocrx_word' id='word_1_367' title='bbox 794 3160 821 3208; x_wconf 88' lang='lat' dir='ltr'><strong>in</strong></span> <span class='ocrx_word' id='word_1_368' title='bbox 845 3160 893 3208; x_wconf 86' lang='lat' dir='ltr'><strong>hac</strong></span> <span class='ocrx_word' id='word_1_369' title='bbox 918 3161 1101 3226; x_wconf 85' lang='lat' dir='ltr'><strong>disputatione,</strong></span> <span class='ocrx_word' id='word_1_370' title='bbox 1124 3161 1167 3209; x_wconf 90' lang='lat' dir='ltr'><strong>sed</strong></span> <span class='ocrx_word' id='word_1_371' title='bbox 1184 3159 1257 3209; x_wconf 85' lang='lat' dir='ltr'><strong>Plato</strong></span> <span class='ocrx_word' id='word_1_372' title='bbox 1274 3159 1335 3210; x_wconf 89' lang='lat' dir='ltr'><strong>facit</strong></span> 
     </span>
     <span class='ocr_line' id='line_1_35' title="bbox 207 3225 1334 3291; baseline -0.002 -16"><span class='ocrx_word' id='word_1_373' title='bbox 207 3230 287 3275; x_wconf 88' lang='lat' dir='ltr'><strong>crates</strong></span> <span class='ocrx_word' id='word_1_374' title='bbox 308 3226 345 3274; x_wconf 86' lang='lat' dir='ltr'><strong>ita</strong></span> <span class='ocrx_word' id='word_1_375' title='bbox 365 3227 433 3284; x_wconf 82' lang='grc' dir='ltr'><em>οὐδεὶς</em></span> <span class='ocrx_word' id='word_1_376' title='bbox 448 3229 509 3283; x_wconf 73' lang='grc' dir='ltr'><em>ὅστις</em></span> <span class='ocrx_word' id='word_1_377' title='bbox 526 3227 564 3276; x_wconf 88' lang='grc' dir='ltr'><strong>ούκ</strong></span> <span class='ocrx_word' id='word_1_378' title='bbox 579 3229 605 3276; x_wconf 81' lang='grc' dir='ltr'><em>ἂν</em></span> <span class='ocrx_word' id='word_1_379' title='bbox 620 3227 693 3289; x_wconf 76' lang='grc' dir='ltr'><em>γνοίη,</em></span> <span class='ocrx_word' id='word_1_380' title='bbox 711 3227 747 3281; x_wconf 75' lang='grc' dir='ltr'><strong>ὅτι</strong></span> <span class='ocrx_word' id='word_1_381' title='bbox 795 3225 921 3275; x_wconf 82' lang='lat' dir='ltr'><strong>Calliclem</strong></span> <span class='ocrx_word' id='word_1_382' title='bbox 945 3226 1039 3291; x_wconf 83' lang='lat' dir='ltr'><strong>ubique</strong></span> <span class='ocrx_word' id='word_1_383' title='bbox 1060 3226 1097 3275; x_wconf 88' lang='lat' dir='ltr'><strong>ita</strong></span> <span class='ocrx_word' id='word_1_384' title='bbox 1117 3229 1230 3275; x_wconf 81' lang='lat' dir='ltr'><strong>contorte</strong></span> <span class='ocrx_word' id='word_1_385' title='bbox 1246 3225 1334 3290; x_wconf 88' lang='lat' dir='ltr'><strong>dispu-</strong></span> 
     </span>
     <span class='ocr_line' id='line_1_36' title="bbox 207 3289 1335 3356; baseline -0.003 -13"><span class='ocrx_word' id='word_1_386' title='bbox 207 3294 265 3343; x_wconf 84' lang='grc' dir='ltr'><em>ούτω</em></span> <span class='ocrx_word' id='word_1_387' title='bbox 280 3295 345 3355; x_wconf 70' lang='grc' dir='ltr'><em>λέγω.</em></span> <span class='ocrx_word' id='word_1_388' title='bbox 366 3292 416 3340; x_wconf 90' lang='lat' dir='ltr'><strong>Pro</strong></span> <span class='ocrx_word' id='word_1_389' title='bbox 433 3295 502 3355; x_wconf 73' lang='grc' dir='ltr'><em>οὕτω,</em></span> <span class='ocrx_word' id='word_1_390' title='bbox 514 3306 577 3356; x_wconf 87' lang='lat' dir='ltr'><strong>quae</strong></span> <span class='ocrx_word' id='word_1_391' title='bbox 589 3295 627 3340; x_wconf 88' lang='lat' dir='ltr'><strong>est</strong></span> <span class='ocrx_word' id='word_1_392' title='bbox 637 3289 746 3338; x_wconf 89' lang='lat' dir='ltr'><strong>duorum</strong></span> <span class='ocrx_word' id='word_1_393' title='bbox 794 3295 896 3340; x_wconf 84' lang='lat' dir='ltr'><strong>tantem.</strong></span> <span class='ocrx_word' id='word_1_394' title='bbox 918 3291 998 3340; x_wconf 87' lang='lat' dir='ltr'><strong>Pbdr.</strong></span> <span class='ocrx_word' id='word_1_395' title='bbox 1018 3292 1064 3340; x_wconf 81' lang='lat'><strong>238</strong></span> <span class='ocrx_word' id='word_1_396' title='bbox 1082 3291 1105 3340; x_wconf 83' lang='lat' dir='ltr'><strong>E</strong></span> <span class='ocrx_word' id='word_1_397' title='bbox 1122 3292 1213 3355; x_wconf 83' lang='lat' dir='ltr'><strong>legitur</strong></span> <span class='ocrx_word' id='word_1_398' title='bbox 1230 3292 1335 3342; x_wconf 76' lang='grc' dir='ltr'><em>δουλεύειν</em></span> 
     </span>
     <span class='ocr_line' id='line_1_37' title="bbox 207 3353 1333 3426; baseline -0.001 -20"><span class='ocrx_word' id='word_1_399' title='bbox 207 3356 322 3406; x_wconf 88' lang='lat' dir='ltr'><strong>codicum</strong></span> <span class='ocrx_word' id='word_1_400' title='bbox 345 3357 432 3415; x_wconf 88' lang='lat' dir='ltr'><strong>lectio,</strong></span> <span class='ocrx_word' id='word_1_401' title='bbox 453 3357 497 3406; x_wconf 87' lang='lat' dir='ltr'><strong>alii</strong></span> <span class='ocrx_word' id='word_1_402' title='bbox 513 3373 542 3405; x_wconf 82' lang='lat' dir='ltr'><strong>ex</strong></span> <span class='ocrx_word' id='word_1_403' title='bbox 558 3356 661 3420; x_wconf 88' lang='lat' dir='ltr'><strong>reliquis</strong></span> <span class='ocrx_word' id='word_1_404' title='bbox 678 3353 746 3404; x_wconf 88' lang='lat' dir='ltr'><strong>ecdi·</strong></span> <span class='ocrx_word' id='word_1_405' title='bbox 796 3359 867 3426; x_wconf 67' lang='grc' dir='ltr'><em>ἡδονῇ.</em></span> <span class='ocrx_word' id='word_1_406' title='bbox 891 3357 939 3406; x_wconf 76' lang='lat' dir='ltr'><strong>Est</strong></span> <span class='ocrx_word' id='word_1_407' title='bbox 950 3357 1028 3420; x_wconf 89' lang='lat' dir='ltr'><strong>igitur</strong></span> <span class='ocrx_word' id='word_1_408' title='bbox 1039 3357 1152 3406; x_wconf 89' lang='lat' dir='ltr'><strong>neutrius</strong></span> <span class='ocrx_word' id='word_1_409' title='bbox 1162 3358 1257 3420; x_wconf 84' lang='lat' dir='ltr'><strong>generis</strong></span> <span class='ocrx_word' id='word_1_410' title='bbox 1268 3357 1333 3406; x_wconf 91' lang='lat' dir='ltr'><strong>illud</strong></span> 
     </span>
     <span class='ocr_line' id='line_1_38' title="bbox 207 3422 1333 3491; baseline 0 -19"><span class='ocrx_word' id='word_1_411' title='bbox 207 3423 278 3472; x_wconf 89' lang='lat' dir='ltr'><strong>cibus</strong></span> <span class='ocrx_word' id='word_1_412' title='bbox 300 3422 433 3472; x_wconf 87' lang='lat' dir='ltr'><strong>ediderunt</strong></span> <span class='ocrx_word' id='word_1_413' title='bbox 457 3427 576 3486; x_wconf 80' lang='grc' dir='ltr'><em>ούτοῦτο,</em></span> <span class='ocrx_word' id='word_1_414' title='bbox 594 3422 746 3485; x_wconf 89' lang='lat' dir='ltr'><strong>inquorum</strong></span> <span class='ocrx_word' id='word_1_415' title='bbox 796 3427 885 3491; x_wconf 69' lang='grc' dir='ltr'><em>ὁτῳοῦν.</em></span> <span class='ocrx_word' id='word_1_416' title='bbox 921 3423 996 3472; x_wconf 89' lang='lat' dir='ltr'><strong>Hanc</strong></span> <span class='ocrx_word' id='word_1_417' title='bbox 1022 3424 1114 3472; x_wconf 89' lang='lat' dir='ltr'><strong>bonam</strong></span> <span class='ocrx_word' id='word_1_418' title='bbox 1141 3439 1194 3472; x_wconf 90' lang='lat' dir='ltr'><strong>esse</strong></span> <span class='ocrx_word' id='word_1_419' title='bbox 1222 3422 1333 3472; x_wconf 78' lang='lat' dir='ltr'><strong>Gilliblis</strong></span> 
     </span>
     <span class='ocr_line' id='line_1_39' title="bbox 206 3487 1333 3556; baseline -0.001 -18"><span class='ocrx_word' id='word_1_420' title='bbox 206 3489 262 3539; x_wconf 91' lang='lat' dir='ltr'><strong>loco</strong></span> <span class='ocrx_word' id='word_1_421' title='bbox 272 3489 315 3539; x_wconf 87' lang='lat' dir='ltr'><strong>alii</strong></span> <span class='ocrx_word' id='word_1_422' title='bbox 326 3489 408 3539; x_wconf 88' lang='lat' dir='ltr'><strong>solum</strong></span> <span class='ocrx_word' id='word_1_423' title='bbox 418 3494 485 3540; x_wconf 82' lang='grc' dir='ltr'><em>τοῦτο</em></span> <span class='ocrx_word' id='word_1_424' title='bbox 494 3489 555 3553; x_wconf 87' lang='lat' dir='ltr'><strong>poni</strong></span> <span class='ocrx_word' id='word_1_425' title='bbox 563 3488 661 3553; x_wconf 87' lang='lat' dir='ltr'><strong>jubent.</strong></span> <span class='ocrx_word' id='word_1_426' title='bbox 678 3487 745 3550; x_wconf 84' lang='lat' dir='ltr'><strong>Ilgo,</strong></span> <span class='ocrx_word' id='word_1_427' title='bbox 794 3490 926 3539; x_wconf 81' lang='lat' dir='ltr'><strong>verborum</strong></span> <span class='ocrx_word' id='word_1_428' title='bbox 933 3489 1170 3556; x_wconf 74' lang='lat' dir='ltr'><strong>interpretationem,</strong></span> <span class='ocrx_word' id='word_1_429' title='bbox 1181 3504 1333 3553; x_wconf 84' lang='lat' dir='ltr'><strong>quamquam</strong></span> 
     </span>
     <span class='ocr_line' id='line_1_40' title="bbox 207 3551 1333 3620; baseline -0.001 -16"><span class='ocrx_word' id='word_1_430' title='bbox 207 3555 228 3604; x_wconf 89' lang='lat' dir='ltr'><strong>si</strong></span> <span class='ocrx_word' id='word_1_431' title='bbox 244 3556 302 3619; x_wconf 90' lang='lat' dir='ltr'><strong>quis</strong></span> <span class='ocrx_word' id='word_1_432' title='bbox 318 3557 409 3613; x_wconf 82' lang='grc' dir='ltr'><em>τούτους</em></span> <span class='ocrx_word' id='word_1_433' title='bbox 423 3555 511 3619; x_wconf 87' lang='lat' dir='ltr'><strong>reponi</strong></span> <span class='ocrx_word' id='word_1_434' title='bbox 527 3551 745 3616; x_wconf 82' lang='lat' dir='ltr'><strong>vollstacsiclegi</strong></span> <span class='ocrx_word' id='word_1_435' title='bbox 793 3571 874 3620; x_wconf 87' lang='lat' dir='ltr'><strong>neque</strong></span> <span class='ocrx_word' id='word_1_436' title='bbox 897 3556 958 3604; x_wconf 85' lang='lat' dir='ltr'><strong>hacc</strong></span> <span class='ocrx_word' id='word_1_437' title='bbox 981 3554 1031 3604; x_wconf 90' lang='lat' dir='ltr'><strong>loci</strong></span> <span class='ocrx_word' id='word_1_438' title='bbox 1055 3571 1113 3620; x_wconf 87' lang='lat' dir='ltr'><strong>pars</strong></span> <span class='ocrx_word' id='word_1_439' title='bbox 1135 3555 1188 3603; x_wconf 90' lang='lat' dir='ltr'><strong>sine</strong></span> <span class='ocrx_word' id='word_1_440' title='bbox 1210 3554 1266 3604; x_wconf 91' lang='lat' dir='ltr'><strong>labe</strong></span> <span class='ocrx_word' id='word_1_441' title='bbox 1281 3559 1333 3613; x_wconf 89' lang='lat' dir='ltr'><strong>est,</strong></span> 
     </span>
     <span class='ocr_line' id='line_1_41' title="bbox 207 3619 1332 3736; baseline -0.004 -63"><span class='ocrx_word' id='word_1_442' title='bbox 207 3623 296 3678; x_wconf 75' lang='grc' dir='ltr'><em>τούτους</em></span> <span class='ocrx_word' id='word_1_443' title='bbox 313 3620 341 3685; x_wconf 81' lang='grc' dir='ltr'><strong>(ί.</strong></span> <span class='ocrx_word' id='word_1_444' title='bbox 353 3637 373 3670; x_wconf 90' lang='lat' dir='ltr'><strong>e.</strong></span> <span class='ocrx_word' id='word_1_445' title='bbox 390 3622 441 3678; x_wconf 75' lang='grc' dir='ltr'><em>τούς</em></span> <span class='ocrx_word' id='word_1_446' title='bbox 454 3623 548 3678; x_wconf 83' lang='grc' dir='ltr'><em>ἠλιθίους</em></span> <span class='ocrx_word' id='word_1_447' title='bbox 559 3623 609 3678; x_wconf 73' lang='grc' dir='ltr'><em>τούς</em></span> <span class='ocrx_word' id='word_1_448' title='bbox 620 3619 744 3689; x_wconf 72' lang='grc' dir='ltr'><em>σώφρονας)</em></span> <span class='ocrx_word' id='word_1_449' title='bbox 793 3625 896 3736; x_wconf 73' lang='lat' dir='ltr'><strong>sIspparet</strong></span> <span class='ocrx_word' id='word_1_450' title='bbox 920 3637 949 3670; x_wconf 87' lang='lat' dir='ltr'><strong>ex</strong></span> <span class='ocrx_word' id='word_1_451' title='bbox 976 3621 1084 3671; x_wconf 81' lang='lat' dir='ltr'><strong>Socratis</strong></span> <span class='ocrx_word' id='word_1_452' title='bbox 1106 3635 1225 3686; x_wconf 87' lang='lat' dir='ltr'><strong>responso</strong></span> <span class='ocrx_word' id='word_1_453' title='bbox 1240 3620 1268 3669; x_wconf 90' lang='lat' dir='ltr'><strong>in</strong></span> <span class='ocrx_word' id='word_1_454' title='bbox 1285 3622 1332 3669; x_wconf 83' lang='lat'><strong>492</strong></span> 
     </span>
     <span class='ocr_line' id='line_1_42' title="bbox 207 3685 1333 3752; baseline -0.004 -14"><span class='ocrx_word' id='word_1_455' title='bbox 207 3690 275 3752; x_wconf 61' lang='grc' dir='ltr'><em>λέγω,</em></span> <span class='ocrx_word' id='word_1_456' title='bbox 293 3688 358 3736; x_wconf 87' lang='lat' dir='ltr'><strong>hanc</strong></span> <span class='ocrx_word' id='word_1_457' title='bbox 375 3687 544 3752; x_wconf 87' lang='lat' dir='ltr'><strong>conjecturam</strong></span> <span class='ocrx_word' id='word_1_458' title='bbox 559 3685 662 3750; x_wconf 90' lang='lat' dir='ltr'><strong>reliquis</strong></span> <span class='ocrx_word' id='word_1_459' title='bbox 674 3693 744 3750; x_wconf 84' lang='lat' dir='ltr'><strong>prae·</strong></span> <span class='ocrx_word' id='word_1_460' title='bbox 825 3724 832 3748; x_wconf 86' lang='lat'><strong><em>,</em></strong></span> <span class='ocrx_word' id='word_1_461' title='bbox 849 3687 893 3737; x_wconf 90' lang='lat' dir='ltr'><strong>ubi</strong></span> <span class='ocrx_word' id='word_1_462' title='bbox 906 3686 1017 3736; x_wconf 79' lang='lat' dir='ltr'><strong>Calliclis</strong></span> <span class='ocrx_word' id='word_1_463' title='bbox 1032 3687 1180 3735; x_wconf 84' lang='lat' dir='ltr'><strong>sententiam</strong></span> <span class='ocrx_word' id='word_1_464' title='bbox 1188 3687 1333 3735; x_wconf 88' lang='lat' dir='ltr'><strong>summatim</strong></span> 
     </span>
     <span class='ocr_line' id='line_1_43' title="bbox 206 3749 1333 3819; baseline -0.001 -17"><span class='ocrx_word' id='word_1_465' title='bbox 206 3753 303 3805; x_wconf 85' lang='lat' dir='ltr'><strong>ferrem.</strong></span> <span class='ocrx_word' id='word_1_466' title='bbox 316 3753 429 3802; x_wconf 82' lang='lat' dir='ltr'><strong>Socrates</strong></span> <span class='ocrx_word' id='word_1_467' title='bbox 438 3751 542 3800; x_wconf 87' lang='lat' dir='ltr'><strong>debebat</strong></span> <span class='ocrx_word' id='word_1_468' title='bbox 550 3752 681 3816; x_wconf 85' lang='lat' dir='ltr'><strong>objurgare</strong></span> <span class='ocrx_word' id='word_1_469' title='bbox 689 3749 745 3799; x_wconf 76' lang='lat' dir='ltr'><strong>oal-</strong></span> <span class='ocrx_word' id='word_1_470' title='bbox 792 3753 833 3802; x_wconf 89' lang='lat' dir='ltr'><strong>his</strong></span> <span class='ocrx_word' id='word_1_471' title='bbox 846 3753 930 3802; x_wconf 86' lang='lat' dir='ltr'><strong>&#39;verbis</strong></span> <span class='ocrx_word' id='word_1_472' title='bbox 946 3752 1036 3818; x_wconf 89' lang='lat' dir='ltr'><strong>repetit</strong></span> <span class='ocrx_word' id='word_1_473' title='bbox 1052 3780 1084 3791; x_wconf 93' lang='lat'><em>-</em></span> <span class='ocrx_word' id='word_1_474' title='bbox 1101 3760 1140 3819; x_wconf 74' lang='grc' dir='ltr'><strong>φὴς</strong></span> <span class='ocrx_word' id='word_1_475' title='bbox 1156 3776 1190 3790; x_wconf 86' lang='lat'>-</span> <span class='ocrx_word' id='word_1_476' title='bbox 1199 3759 1269 3803; x_wconf 71' lang='lat' dir='ltr'><strong>sorec</strong></span> <span class='ocrx_word' id='word_1_477' title='bbox 1280 3754 1333 3814; x_wconf 82' lang='grc' dir='ltr'><em>(τὰς</em></span> 
     </span>
     <span class='ocr_line' id='line_1_44' title="bbox 205 3816 1333 3889; baseline -0.002 -19"><span class='ocrx_word' id='word_1_478' title='bbox 205 3819 289 3870; x_wconf 85' lang='lat' dir='ltr'><strong>liolom</strong></span> <span class='ocrx_word' id='word_1_479' title='bbox 304 3825 329 3869; x_wconf 89' lang='lat' dir='ltr'><strong>et</strong></span> <span class='ocrx_word' id='word_1_480' title='bbox 345 3820 399 3883; x_wconf 84' lang='lat' dir='ltr'><strong>ejus</strong></span> <span class='ocrx_word' id='word_1_481' title='bbox 412 3818 529 3883; x_wconf 74' lang='lat' dir='ltr'><strong>joJunum</strong></span> <span class='ocrx_word' id='word_1_482' title='bbox 545 3816 745 3880; x_wconf 75' lang='lat' dir='ltr'><strong>etvulgatodio·</strong></span> <span class='ocrx_word' id='word_1_483' title='bbox 793 3819 923 3884; x_wconf 77' lang='grc' dir='ltr'><em>ἐπιθυμίας)</em></span> <span class='ocrx_word' id='word_1_484' title='bbox 947 3824 976 3876; x_wconf 84' lang='grc' dir='ltr'><em>ὡς</em></span> <span class='ocrx_word' id='word_1_485' title='bbox 996 3822 1107 3883; x_wconf 80' lang='grc' dir='ltr'><em>μεγίστας</em></span> <span class='ocrx_word' id='word_1_486' title='bbox 1126 3823 1239 3889; x_wconf 74' lang='grc' dir='ltr'><em>πλήρωσιν</em></span> <span class='ocrx_word' id='word_1_487' title='bbox 1254 3822 1333 3875; x_wconf 76' lang='grc' dir='ltr'><em>αὐτούς</em></span> 
     </span>
     <span class='ocr_line' id='line_1_45' title="bbox 206 3881 1334 3950; baseline 0.001 -15"><span class='ocrx_word' id='word_1_488' title='bbox 206 3891 262 3935; x_wconf 86' lang='lat' dir='ltr'><strong>tum</strong></span> <span class='ocrx_word' id='word_1_489' title='bbox 284 3887 334 3944; x_wconf 79' lang='grc' dir='ltr'><em>τυδς</em></span> <span class='ocrx_word' id='word_1_490' title='bbox 360 3887 454 3944; x_wconf 79' lang='grc' dir='ltr'><em>ἠλιθίους</em></span> <span class='ocrx_word' id='word_1_491' title='bbox 475 3887 546 3948; x_wconf 70' lang='grc' dir='ltr'><em>λέγεις</em></span> <span class='ocrx_word' id='word_1_492' title='bbox 566 3886 616 3940; x_wconf 90' lang='grc' dir='ltr'><em>τούς</em></span> <span class='ocrx_word' id='word_1_493' title='bbox 632 3891 745 3950; x_wconf 71' lang='grc' dir='ltr'><em>σώφρονας</em></span> <span class='ocrx_word' id='word_1_494' title='bbox 793 3890 878 3950; x_wconf 80' lang='grc' dir='ltr'><em>ἀμύθιν</em></span> <span class='ocrx_word' id='word_1_495' title='bbox 901 3893 929 3949; x_wconf 69' lang='lat' dir='ltr'><strong>pt</strong></span> <span class='ocrx_word' id='word_1_496' title='bbox 951 3891 1016 3936; x_wconf 85' lang='grc' dir='ltr'><em>ποθεν</em></span> <span class='ocrx_word' id='word_1_497' title='bbox 1038 3888 1183 3949; x_wconf 76' lang='grc' dir='ltr'><em>δτιιριάζιιν,</em></span> <span class='ocrx_word' id='word_1_498' title='bbox 1210 3888 1247 3936; x_wconf 77' lang='grc' dir='ltr'><em>καλ</em></span> <span class='ocrx_word' id='word_1_499' title='bbox 1271 3881 1334 3936; x_wconf 85' lang='grc' dir='ltr'><em>τοῦτ’</em></span> 
     </span>
     <span class='ocr_line' id='line_1_46' title="bbox 206 3948 1331 4022; baseline -0.002 -21"><span class='ocrx_word' id='word_1_500' title='bbox 206 3967 288 4001; x_wconf 85' lang='lat' dir='ltr'><strong>severe</strong></span> <span class='ocrx_word' id='word_1_501' title='bbox 312 3951 439 4014; x_wconf 84' lang='lat' dir='ltr'><strong>castigare.</strong></span> <span class='ocrx_word' id='word_1_502' title='bbox 469 3949 518 3999; x_wconf 80' lang='lat' dir='ltr'><strong>Sed</strong></span> <span class='ocrx_word' id='word_1_503' title='bbox 540 3949 567 3998; x_wconf 88' lang='lat' dir='ltr'><strong>id</strong></span> <span class='ocrx_word' id='word_1_504' title='bbox 589 3964 620 3997; x_wconf 92' lang='lat' dir='ltr'><strong>ne</strong></span> <span class='ocrx_word' id='word_1_505' title='bbox 641 3948 744 4010; x_wconf 86' lang='lat' dir='ltr'><strong>corrigit</strong></span> <span class='ocrx_word' id='word_1_506' title='bbox 793 3952 848 4002; x_wconf 67' lang='lat' dir='ltr'><strong>rim</strong></span> <span class='ocrx_word' id='word_1_507' title='bbox 863 3958 903 4010; x_wconf 72' lang='grc' dir='ltr'><em>τὴν</em></span> <span class='ocrx_word' id='word_1_508' title='bbox 917 3957 1014 4022; x_wconf 51' lang='lat' dir='ltr'><strong>&amp;preter</strong></span> <span class='ocrx_word' id='word_1_509' title='bbox 1039 3949 1110 4000; x_wconf 85' lang='lat' dir='ltr'><strong>Oonf.</strong></span> <span class='ocrx_word' id='word_1_510' title='bbox 1129 3952 1175 4000; x_wconf 81' lang='lat'><strong>503</strong></span> <span class='ocrx_word' id='word_1_511' title='bbox 1194 3949 1226 4006; x_wconf 79' lang='grc' dir='ltr'><strong>Ο,</strong></span> <span class='ocrx_word' id='word_1_512' title='bbox 1244 3949 1331 4004; x_wconf 72' lang='lat' dir='ltr'><strong>tolli</strong></span> 
     </span>
     <span class='ocr_line' id='line_1_47' title="bbox 222 4014 1333 4079; baseline 0 -12"><span class='ocrx_word' id='word_1_513' title='bbox 222 4017 321 4076; x_wconf 88' lang='lat' dir='ltr'><strong>uidem,</strong></span> <span class='ocrx_word' id='word_1_514' title='bbox 331 4017 359 4066; x_wconf 89' lang='lat' dir='ltr'><strong>in</strong></span> <span class='ocrx_word' id='word_1_515' title='bbox 369 4018 472 4067; x_wconf 87' lang='lat' dir='ltr'><strong>eandem</strong></span> <span class='ocrx_word' id='word_1_516' title='bbox 484 4014 631 4064; x_wconf 86' lang='lat' dir='ltr'><strong>senteutiam</strong></span> <span class='ocrx_word' id='word_1_517' title='bbox 642 4028 743 4078; x_wconf 89' lang='lat' dir='ltr'><strong>respon·</strong></span> <span class='ocrx_word' id='word_1_518' title='bbox 793 4017 825 4065; x_wconf 85' lang='lat' dir='ltr'><strong>sl.</strong></span> <span class='ocrx_word' id='word_1_519' title='bbox 841 4044 874 4053; x_wconf 90' lang='lat'>—</span> <span class='ocrx_word' id='word_1_520' title='bbox 890 4015 1007 4066; x_wconf 83' lang='lat' dir='ltr'><strong>Fortasse</strong></span> <span class='ocrx_word' id='word_1_521' title='bbox 1022 4014 1132 4064; x_wconf 76' lang='lat' dir='ltr'><strong>Calliclis</strong></span> <span class='ocrx_word' id='word_1_522' title='bbox 1148 4015 1222 4065; x_wconf 86' lang='lat' dir='ltr'><strong>verba</strong></span> <span class='ocrx_word' id='word_1_523' title='bbox 1235 4020 1333 4079; x_wconf 78' lang='grc' dir='ltr'><em>Πάννρι</em></span> 
     </span>
     <span class='ocr_line' id='line_1_48' title="bbox 236 4082 1332 4152; baseline -0.002 -21"><span class='ocrx_word' id='word_1_524' title='bbox 236 4099 266 4132; x_wconf 82' lang='grc' dir='ltr'><strong>ιιι</strong></span> <span class='ocrx_word' id='word_1_525' title='bbox 290 4094 341 4141; x_wconf 82' lang='grc' dir='ltr'><strong>Πῶς</strong></span> <span class='ocrx_word' id='word_1_526' title='bbox 367 4089 413 4152; x_wconf 70' lang='grc' dir='ltr'><strong>γὰρ</strong></span> <span class='ocrx_word' id='word_1_527' title='bbox 436 4085 474 4148; x_wconf 69' lang='lat'><strong>⁰¹35</strong></span> <span class='ocrx_word' id='word_1_528' title='bbox 500 4082 568 4138; x_wconf 86' lang='grc' dir='ltr'><em>ούδελς</em></span> <span class='ocrx_word' id='word_1_529' title='bbox 588 4083 650 4138; x_wconf 82' lang='grc' dir='ltr'><em>ύσεις</em></span> <span class='ocrx_word' id='word_1_530' title='bbox 666 4086 703 4130; x_wconf 86' lang='grc' dir='ltr'><strong>ουίι</strong></span> <span class='ocrx_word' id='word_1_531' title='bbox 719 4085 746 4131; x_wconf 78' lang='grc' dir='ltr'><em>ἂν</em></span> <span class='ocrx_word' id='word_1_532' title='bbox 794 4083 895 4151; x_wconf 80' lang='grc' dir='ltr'><em>σρθδρα,</em></span> <span class='ocrx_word' id='word_1_533' title='bbox 916 4084 934 4132; x_wconf 87' lang='grc' dir='ltr'><strong><em>ῶ</em></strong></span> <span class='ocrx_word' id='word_1_534' title='bbox 954 4094 977 4132; x_wconf 75' lang='grc' dir='ltr'><strong>Σ.</strong></span> <span class='ocrx_word' id='word_1_535' title='bbox 994 4083 1089 4130; x_wconf 88' lang='lat' dir='ltr'><strong>bonum</strong></span> <span class='ocrx_word' id='word_1_536' title='bbox 1105 4096 1252 4146; x_wconf 89' lang='lat' dir='ltr'><strong>responsum</strong></span> <span class='ocrx_word' id='word_1_537' title='bbox 1269 4085 1332 4129; x_wconf 87' lang='lat' dir='ltr'><strong>esset</strong></span> 
     </span>
     <span class='ocr_line' id='line_1_49' title="bbox 206 4144 1333 4213; baseline -0.003 -15"><span class='ocrx_word' id='word_1_538' title='bbox 206 4151 280 4213; x_wconf 74' lang='grc' dir='ltr'><em>γνοίη,</em></span> <span class='ocrx_word' id='word_1_539' title='bbox 304 4152 339 4200; x_wconf 81' lang='grc' dir='ltr'><strong>δτι</strong></span> <span class='ocrx_word' id='word_1_540' title='bbox 361 4153 453 4206; x_wconf 80' lang='grc' dir='ltr'><em>τούτους</em></span> <span class='ocrx_word' id='word_1_541' title='bbox 473 4151 542 4211; x_wconf 67' lang='grc' dir='ltr'><em>λέγω,</em></span> <span class='ocrx_word' id='word_1_542' title='bbox 562 4148 610 4195; x_wconf 91' lang='lat' dir='ltr'><strong>hoc</strong></span> <span class='ocrx_word' id='word_1_543' title='bbox 627 4144 743 4202; x_wconf 89' lang='lat' dir='ltr'><strong>consilio,</strong></span> <span class='ocrx_word' id='word_1_544' title='bbox 793 4148 826 4197; x_wconf 87' lang='lat' dir='ltr'><strong>ad</strong></span> <span class='ocrx_word' id='word_1_545' title='bbox 842 4147 927 4212; x_wconf 89' lang='lat' dir='ltr'><strong>paullo</strong></span> <span class='ocrx_word' id='word_1_546' title='bbox 944 4148 1059 4212; x_wconf 81' lang='lat' dir='ltr'><strong>superius</strong></span> <span class='ocrx_word' id='word_1_547' title='bbox 1076 4147 1169 4212; x_wconf 87' lang='lat' dir='ltr'><strong>scripta</strong></span> <span class='ocrx_word' id='word_1_548' title='bbox 1185 4151 1276 4203; x_wconf 75' lang='grc' dir='ltr'><em>ἣτιύτο</em></span> <span class='ocrx_word' id='word_1_549' title='bbox 1290 4150 1333 4211; x_wconf 82' lang='grc' dir='ltr'><strong>μὲν</strong></span> 
     </span>
     <span class='ocr_line' id='line_1_50' title="bbox 205 4210 1333 4282; baseline -0.001 -19"><span class='ocrx_word' id='word_1_550' title='bbox 205 4229 237 4264; x_wconf 88' lang='lat' dir='ltr'><strong>ns</strong></span> <span class='ocrx_word' id='word_1_551' title='bbox 252 4218 343 4263; x_wconf 88' lang='lat' dir='ltr'><strong>temere</strong></span> <span class='ocrx_word' id='word_1_552' title='bbox 358 4217 431 4266; x_wconf 81' lang='lat' dir='ltr'><strong>verba</strong></span> <span class='ocrx_word' id='word_1_553' title='bbox 443 4219 467 4265; x_wconf 87' lang='lat' dir='ltr'><strong>st</strong></span> <span class='ocrx_word' id='word_1_554' title='bbox 478 4218 577 4278; x_wconf 84' lang='lat' dir='ltr'><strong>tempus</strong></span> <span class='ocrx_word' id='word_1_555' title='bbox 588 4211 690 4277; x_wconf 88' lang='lat' dir='ltr'><strong>perdat,</strong></span> <span class='ocrx_word' id='word_1_556' title='bbox 701 4210 745 4260; x_wconf 93' lang='lat' dir='ltr'><strong>sed</strong></span> <span class='ocrx_word' id='word_1_557' title='bbox 795 4214 854 4265; x_wconf 76' lang='grc' dir='ltr'><em>ούδὲν</em></span> <span class='ocrx_word' id='word_1_558' title='bbox 878 4215 910 4264; x_wconf 78' lang='grc' dir='ltr'><strong>δεῖ</strong></span> <span class='ocrx_word' id='word_1_559' title='bbox 934 4217 1000 4271; x_wconf 78' lang='grc' dir='ltr'><em>αὐτὸν</em></span> <span class='ocrx_word' id='word_1_560' title='bbox 1023 4216 1103 4267; x_wconf 81' lang='grc' dir='ltr'><em>λαυτού</em></span> <span class='ocrx_word' id='word_1_561' title='bbox 1127 4219 1223 4282; x_wconf 72' lang='grc' dir='ltr'><em>ἄρχειν,</em></span> <span class='ocrx_word' id='word_1_562' title='bbox 1249 4221 1295 4264; x_wconf 81' lang='grc' dir='ltr'><em>τῶν</em></span> <span class='ocrx_word' id='word_1_563' title='bbox 1313 4210 1333 4262; x_wconf 80' lang='grc' dir='ltr'><em>δ’</em></span> 
     </span>
     <span class='ocr_line' id='line_1_51' title="bbox 206 4277 1331 4346; baseline -0.001 -18"><span class='ocrx_word' id='word_1_564' title='bbox 206 4283 237 4328; x_wconf 91' lang='lat' dir='ltr'><strong>ut</strong></span> <span class='ocrx_word' id='word_1_565' title='bbox 252 4280 371 4329; x_wconf 82' lang='lat' dir='ltr'><strong>continno</strong></span> <span class='ocrx_word' id='word_1_566' title='bbox 392 4298 422 4331; x_wconf 86' lang='lat' dir='ltr'><strong>ex</strong></span> <span class='ocrx_word' id='word_1_567' title='bbox 442 4296 471 4331; x_wconf 89' lang='lat' dir='ltr'><strong>sc</strong></span> <span class='ocrx_word' id='word_1_568' title='bbox 487 4279 570 4329; x_wconf 80' lang='lat' dir='ltr'><strong>eficiat</strong></span> <span class='ocrx_word' id='word_1_569' title='bbox 585 4277 745 4342; x_wconf 84' lang='lat' dir='ltr'><strong>voluptatum</strong></span> <span class='ocrx_word' id='word_1_570' title='bbox 794 4282 880 4346; x_wconf 63' lang='grc' dir='ltr'><em>ἄλλοις</em></span> <span class='ocrx_word' id='word_1_571' title='bbox 906 4294 970 4343; x_wconf 85' lang='lat' dir='ltr'><strong>quae</strong></span> <span class='ocrx_word' id='word_1_572' title='bbox 991 4279 1069 4343; x_wconf 91' lang='lat' dir='ltr'><strong>igitur</strong></span> <span class='ocrx_word' id='word_1_573' title='bbox 1091 4278 1229 4344; x_wconf 84' lang='lat' dir='ltr'><strong>posthaec</strong></span> <span class='ocrx_word' id='word_1_574' title='bbox 1250 4282 1331 4327; x_wconf 84' lang='lat' dir='ltr'><strong>traus-</strong></span> 
     </span>
     <span class='ocr_line' id='line_1_52' title="bbox 239 4343 1331 4460; baseline 0 -67"><span class='ocrx_word' id='word_1_575' title='bbox 239 4345 388 4406; x_wconf 69' lang='lat' dir='ltr'><strong>oscinum,</strong></span> <span class='ocrx_word' id='word_1_576' title='bbox 409 4347 477 4412; x_wconf 90' lang='lat' dir='ltr'><strong>quod</strong></span> <span class='ocrx_word' id='word_1_577' title='bbox 493 4345 584 4395; x_wconf 87' lang='lat' dir='ltr'><strong>deinde</strong></span> <span class='ocrx_word' id='word_1_578' title='bbox 600 4343 744 4393; x_wconf 82' lang='lat' dir='ltr'><strong>deblaterat.</strong></span> <span class='ocrx_word' id='word_1_579' title='bbox 792 4344 908 4460; x_wconf 52' lang='lat' dir='ltr'><strong>ppplenda</strong></span> <span class='ocrx_word' id='word_1_580' title='bbox 924 4350 1013 4395; x_wconf 87' lang='lat' dir='ltr'><strong>essent.</strong></span> <span class='ocrx_word' id='word_1_581' title='bbox 1037 4344 1086 4394; x_wconf 83' lang='lat' dir='ltr'><strong>Sed</strong></span> <span class='ocrx_word' id='word_1_582' title='bbox 1106 4345 1166 4394; x_wconf 81' lang='lat' dir='ltr'><strong>haec</strong></span> <span class='ocrx_word' id='word_1_583' title='bbox 1182 4343 1243 4392; x_wconf 71' lang='lat' dir='ltr'><strong>levis</strong></span> <span class='ocrx_word' id='word_1_584' title='bbox 1257 4359 1331 4408; x_wconf 89' lang='lat' dir='ltr'><strong>quae·</strong></span> 
     </span>
     <span class='ocr_line' id='line_1_53' title="bbox 206 4360 1071 4475; baseline 0.001 -16"><span class='ocrx_word' id='word_1_585' title='bbox 206 4360 366 4474; x_wconf 45' lang='lat' dir='ltr'><strong>&amp;numquam</strong></span> <span class='ocrx_word' id='word_1_586' title='bbox 383 4413 516 4462; x_wconf 88' lang='lat' dir='ltr'><strong>locusncn</strong></span> <span class='ocrx_word' id='word_1_587' title='bbox 526 4409 745 4473; x_wconf 84' lang='lat' dir='ltr'><strong>estinteger‚haec</strong></span> <span class='ocrx_word' id='word_1_588' title='bbox 867 4415 905 4459; x_wconf 90' lang='lat' dir='ltr'><strong>est</strong></span> <span class='ocrx_word' id='word_1_589' title='bbox 921 4411 1071 4475; x_wconf 87' lang='lat' dir='ltr'><strong>conjectura.</strong></span> 
     </span>
     <span class='ocr_line' id='line_1_54' title="bbox 206 4475 1331 4541; baseline 0.002 -15"><span class='ocrx_word' id='word_1_590' title='bbox 206 4480 291 4526; x_wconf 83' lang='lat' dir='ltr'><strong>tamen</strong></span> <span class='ocrx_word' id='word_1_591' title='bbox 306 4479 428 4528; x_wconf 87' lang='lat' dir='ltr'><strong>sententia</strong></span> <span class='ocrx_word' id='word_1_592' title='bbox 442 4494 471 4527; x_wconf 88' lang='lat' dir='ltr'><strong>ex</strong></span> <span class='ocrx_word' id='word_1_593' title='bbox 485 4477 585 4527; x_wconf 81' lang='lat' dir='ltr'><strong>sosffici</strong></span> <span class='ocrx_word' id='word_1_594' title='bbox 611 4479 744 4540; x_wconf 85' lang='lat' dir='ltr'><strong>osssputc.</strong></span> <span class='ocrx_word' id='word_1_595' title='bbox 826 4475 873 4524; x_wconf 79' lang='grc'><strong>492</strong></span> <span class='ocrx_word' id='word_1_596' title='bbox 890 4475 915 4525; x_wconf 79' lang='lat' dir='ltr'>A</span> <span class='ocrx_word' id='word_1_597' title='bbox 936 4481 973 4528; x_wconf 80' lang='grc' dir='ltr'><em>καὶ</em></span> <span class='ocrx_word' id='word_1_598' title='bbox 989 4479 1163 4541; x_wconf 79' lang='grc' dir='ltr'><em>ἀποπιμπλάναι</em></span> <span class='ocrx_word' id='word_1_599' title='bbox 1178 4501 1211 4513; x_wconf 92' lang='grc'><strong>-</strong></span> <span class='ocrx_word' id='word_1_600' title='bbox 1226 4480 1241 4533; x_wconf 84' lang='grc' dir='ltr'>ἡ</span> <span class='ocrx_word' id='word_1_601' title='bbox 1257 4481 1331 4528; x_wconf 70' lang='grc' dir='ltr'><em>ἐπιθυ·</em></span> 
     </span>
     <span class='ocr_line' id='line_1_55' title="bbox 207 4493 1347 4609; baseline 0 -16"><span class='ocrx_word' id='word_1_602' title='bbox 207 4541 320 4593; x_wconf 71' lang='lat' dir='ltr'><strong>Tandem</strong></span> <span class='ocrx_word' id='word_1_603' title='bbox 336 4557 416 4609; x_wconf 89' lang='lat' dir='ltr'><strong>neque</strong></span> <span class='ocrx_word' id='word_1_604' title='bbox 430 4545 505 4595; x_wconf 85' lang='lat' dir='ltr'><strong>verba</strong></span> <span class='ocrx_word' id='word_1_605' title='bbox 522 4493 632 4593; x_wconf 72' lang='lat' dir='ltr'><strong>concite</strong></span> <span class='ocrx_word' id='word_1_606' title='bbox 648 4547 710 4592; x_wconf 78' lang='grc' dir='ltr'><em>Πάνυ</em></span> <span class='ocrx_word' id='word_1_607' title='bbox 719 4560 745 4605; x_wconf 82' lang='grc' dir='ltr'><em>γε</em></span> <span class='ocrx_word' id='word_1_608' title='bbox 792 4543 838 4608; x_wconf 82' lang='grc' dir='ltr'><strong>μία</strong></span> <span class='ocrx_word' id='word_1_609' title='bbox 859 4544 972 4608; x_wconf 66' lang='grc' dir='ltr'><em>μίγνυται]</em></span> <span class='ocrx_word' id='word_1_610' title='bbox 1007 4542 1180 4607; x_wconf 69' lang='lat' dir='ltr'><strong>§irruptum</strong></span> <span class='ocrx_word' id='word_1_611' title='bbox 1206 4547 1271 4592; x_wconf 82' lang='lat' dir='ltr'><strong>esset</strong></span> <span class='ocrx_word' id='word_1_612' title='bbox 1293 4546 1347 4594; x_wconf 83' lang='grc' dir='ltr'><em>καλ·</em></span> 
     </span>
    </p>
   </div>
   <div class='ocr_carea' id='block_1_4' title="bbox 0 0 1520 5294">
    <p class='ocr_par' dir='ltr' id='par_1_4' title="bbox 0 0 1520 5294">
     <span class='ocr_line' id='line_1_56' title="bbox 0 0 1520 5294; baseline 0 2"><span class='ocrx_word' id='word_1_613' title='bbox 0 0 1520 5294; x_wconf 95' lang='lat' dir='ltr'><strong> </strong></span> 
     </span>
    </p>
   </div>
  </div>
 </body>
</html>
