3030 5294
541 288 945 365 Paonnconnnt.
1075 307 1076 310 ’
1259 307 1306 354 ru

183 505 215 565 et
239 497 444 585 planissimam
469 495 634 563 dictionem
657 496 804 580 flagitant.
837 494 897 560 Vel
920 494 1055 561 litterula
1078 495 1170 559 iniis
1189 501 1306 561 mutata

183 611 238 681 aut
266 604 369 669 addita
399 610 453 667 ant
475 602 577 666 demto
599 601 793 667 collabuntur
815 603 906 686 atque
932 601 1012 666 irriti
1033 601 1121 666 fiunt.
1165 599 1244 666 Nam
1266 623 1305 666 ne

183 705 324 775 umbram
356 704 480 794 quidem
511 706 719 792 ambiguitatis
749 707 782 772 in
813 707 877 771 ulla
899 728 972 772 voce
996 707 1096 774 videat
1119 706 1305 772 sdversarius

182 836 304 893 necesse
332 822 403 894 est,
428 813 544 900 quippe
567 813 639 900 qui,
664 812 783 879 etiamsi
803 812 922 878 nullam
944 833 1048 883 vocem
1070 813 1103 878 in
1125 813 1163 878 iis
1185 820 1307 898 capture
1377 821 1385 836 “

183 927 301 1008 potest,
334 919 381 985 vel
413 920 457 985 sio
480 927 581 984 tamen
604 938 824 1002 nonnunquam
849 917 1093 983 evidentissimae
1116 923 1307 1002 argumenta·

182 1024 261 1092 tioni
291 1024 469 1090 adrematur
498 1041 533 1089 ac
562 1023 737 1090 reluctatur.
779 1021 858 1088 Vide
889 1024 952 1090 497
987 1022 1124 1088 A-taa‘
1148 1021 1184 1090 B.
1227 1021 1307 1088 Hinc

91 1201 93 1207 ,
182 1130 322 1198 amotos
347 1148 443 1218 saepe.
468 1127 554 1195 verbi
577 1130 655 1208 vim,
679 1150 741 1214 quc
764 1151 876 1194 usurus
900 1129 1001 1193 estin
1024 1128 1216 1215 syllogismo,
1241 1129 1307 1215 ipse

182 1237 253 1302 ante
274 1233 383 1301 delinit
404 1252 495 1320 quam
519 1234 812 1320 argumentationem
836 1233 1052 1319 syllogisticam
1069 1232 1194 1300 orditur.
1226 1233 1305 1298 'lum

184 1343 276 1409 etiam
304 1341 447 1426 deinceps
469 1341 501 1405 in
523 1346 670 1426 sequente
693 1339 864 1425 syllogismi
885 1347 970 1425 parte
992 1339 1077 1405 vocis
1096 1341 1129 1405 iu
1151 1339 1306 1425 superiore

183 1449 250 1535 ejua
271 1456 357 1534 perte
380 1446 536 1512 adhibitae
550 1468 596 1510 vis
619 1468 708 1531 saepe
724 1444 988 1511 circumscribitur.
1016 1444 1125 1510 Paucis
1140 1452 1176 1509 ut
1192 1443 1305 1525 dicum,

184 1552 229 1618 ita
250 1560 458 1639 comparatum
481 1559 527 1616 est
550 1551 608 1616 hoc
629 1550 832 1616 convincendi
852 1549 1027 1628 artificium,
1040 1557 1077 1614 ut
1087 1551 1186 1636 ipsum
1200 1572 1308 1616 vocum

185 1666 216 1724 et
238 1657 408 1723 dictionum
432 1657 465 1722 in
489 1679 524 1721 eo
547 1653 754 1722 adhibitorum
776 1656 838 1720 cim
857 1655 989 1740 aperiet:
1008 1655 1096 1720 Nihil
1111 1656 1208 1742 igitur
1222 1678 1308 1722 exco-

183 1762 275 1849 gitari
297 1768 418 1848 potest,
445 1761 528 1844 unde
549 1781 660 1826 vocum
681 1770 718 1841 et¹
736 1761 906 1839 dictionum
928 1760 1049 1826 illarum
1075 1761 1118 1826 vis
1141 1762 1255 1827 certina
1275 1768 1307 1827 et

121 1853 125 1859 ¹
183 1868 354 1934 accuratius
377 1873 596 1952 cognoscatur,
619 1865 758 1949 nihilque
781 1887 868 1950 ergo,
905 1865 987 1930 unde
1009 1865 1118 1929 melius
1141 1866 1308 1932 remedium
1394 1858 1398 1865 ’

185 1981 378 2058 comparetur
399 1972 437 2037 ad
456 1972 620 2037 sanitatem
642 1971 736 2036 etism
756 1971 788 2036 in
804 1971 923 2055 reliquo
937 1969 1059 2056 dialogo
1073 1971 1306 2050 restituendam,

188 2076 242 2142 ubi
276 2077 397 2143 eaedem
424 2077 573 2142 dictiones
595 2077 680 2155 mele,
695 2076 818 2140 habitae
838 2080 914 2140 tunt
936 2095 954 2140 a
975 2075 1092 2141 scribis.
1133 2075 1309 2162 syllogismi
1359 2133 1361 2139 .

186 2184 266 2248 enim
290 2183 322 2248 in
346 2183 460 2268 Gorgia
480 2183 591 2267 ntique
613 2188 686 2246 snut
706 2183 796 2268 quasi
818 2181 954 2247 cardines
977 2174 1257 2260 totiussamonis,
1279 2190 1309 2248 et

184 2289 211 2352 si
233 2290 314 2375 ipsas
328 2311 384 2377 ¹ras
401 2295 438 2353 et
458 2288 487 2352 si
510 2287 689 2352 enuntiandi
711 2288 858 2352 rationem
883 2295 1008 2371 spectes.
1039 2286 1148 2373 Itaque
1171 2309 1259 2353 uoces
1277 2295 1309 2354 et

184 2394 333 2459 dictiones
355 2394 388 2458 in
410 2394 448 2458 iis
470 2392 625 2458 adhibitae
648 2393 823 2479 saepissime
845 2397 1006 2458 recurrunt
1025 2392 1056 2475 in
1073 2393 1190 2479 reliqua
1206 2393 1311 2480 dispo-y

183 2500 310 2564 tatione.
352 2493 533 2584 Exemplum
564 2498 731 2563 afferamus.
775 2494 821 2562 Ex
844 2492 1037 2583 syllogismo,
1063 2498 1118 2584 qui
1137 2496 1254 2584 iegitur
1276 2498 1308 2564 in
1367 2561 1372 2567 .

183 2598 430 2688 medio'diolego
452 2605 517 2670 ott
539 2603 585 2681 lt,
608 2604 755 2668 discimus
774 2623 828 2688 per
847 2603 882 2669 cd
899 2602 953 2668 eta
965 2603 1154 2684 κολαζόμενον
1164 2604 1306 2672 ὀνίνασθαι

185 2708 249 2773 sive
281 2709 456 2793 ὁφιλὰῖσθαιι
488 2708 724 2794 intelligendum
755 2730 831 2776 esse,
846 2709 883 2775 cb
909 2707 959 2774 eo
987 2707 1309 2794 κολαζόμενον-βελτίω

183 2813 348 2893 γίγνεσθαι.
396 2814 465 2879 Hoc
491 2813 584 2879 latuit
607 2811 731 2879 scribas.
776 2812 887 2898 Itaque
912 2812 952 2878 ad
973 2814 1117 2880 tomam
1139 2814 1171 2879 in
1196 2817 1258 2878 tut
1283 2813 1311 2880 B

185 2918 412 3004 adscripserunt
432 2918 543 2996 βελτίω
565 2917 728 2996 γίγνεσθαι.
760 2917 874 2998 Qualia
896 2918 924 2982 ai
946 2918 1039 2984 semel
1055 2918 1310 3004 deprehenderis,
1375 2957 1376 2960 κ

184 3015 278 3109 vulgo
310 3022 402 3088 simul
433 3024 690 3089 constructionem
716 3016 851 3088 Atticum
866 3012 906 3087 'et
927 3024 1052 3111 omnino
1074 3025 1218 3091 orationis
1241 3024 1310 3088 Pla·

185 3127 305 3194 tonicae
334 3127 464 3197 nitorem
495 3128 723 3212 pessumdatum
755 3128 920 3212 comperies
932 3127 970 3210 1).
1017 3127 1103 3194 Talia
1130 3130 1241 3215 igitur,
1264 3130 1312 3194 uti
1405 3200 1409 3208 ,

185 3233 335 3310 diximus,
358 3231 482 3297 demum
505 3239 646 3316 suspecta
667 3231 776 3298 habere
791 3238 822 3297 et
836 3231 996 3296 emendare
1020 3233 1174 3318 potuimus
1194 3235 1228 3299 in
1244 3234 1312 3300 reli-

186 3355 249 3424 quo
271 3358 410 3407 mrmone
431 3346 502 3422 post
522 3327 768 3423 syllogismorum
791 3337 1020 3422 inquisitionem
1043 3339 1224 3405 institutam.
1258 3341 1313 3405 At

186 3463 246 3528 que
276 3442 334 3508 boo
365 3462 440 3507 usos
469 3443 620 3527 specimen
644 3450 728 3520 esto,
751 3465 843 3526 quem
866 3434 1023 3508 ostehdere
1047 3443 1194 3510 volebam.
1240 3444 1313 3511 Cae·

188 3555 252 3613 tera
280 3548 349 3634 ipae
378 3547 448 3613 side
476 3548 508 3613 in
524 3547 622 3625 loco,
646 3569 736 3631 quem
760 3569 867 3632 operae
891 3548 1023 3632 pretinm
1046 3557 1092 3614 est
1113 3549 1160 3615 his
1184 3550 1313 3616 subscri·

189 3651 258 3718 bere
267 3700 277 3730 ,
298 3661 332 3718 et
354 3651 459 3718 castior
480 3652 691 3719 annotationes
710 3652 742 3717 in
758 3674 828 3717 eum
844 3653 936 3737 infra,
952 3661 988 3717 ut
1002 3653 1121 3740 reliqua
1136 3664 1313 3740 argumenta

187 3756 292 3823 audias
299 3801 311 3836 ,
341 3755 458 3842 quibua
486 3754 602 3821 docebo
633 3756 724 3842 louge
753 3757 914 3824 maximam
946 3766 1063 3843 partem
1084 3749 1311 3845 supposititium

187 3883 260 3929 ease.
302 3860 484 3948 Mojusoulis
507 3860 617 3927 litteris
640 3861 753 3947 scripta
775 3862 934 3927 Platonem
956 3870 1111 3929 auctorem
1135 3863 1312 3949 habereiit·
1419 3951 1421 3955 Ι

187 3965 274 4044 dioc,
295 3967 477 4033 minusculis
499 3965 649 4035 librarios.
960 3984 965 3994 “

93 4340 99 4346 ,
220 4278 247 4344 r)
269 4246 313 4329 sn
335 4273 432 4343 optimo
452 4274 519 4327 oete
534 4288 565 4326 οι
581 4260 760 4326 nonnemo
776 4274 956 4342 nemeseus
972 4277 1052 4329 nne
1069 4278 1097 4330 sn
1114 4280 1161 4329 sas
1177 4277 1201 4328 u
1218 4277 1311 4338 inco,

186 4375 249 4426 quae
265 4357 393 4410 Socratem
414 4356 553 4408 secumdum
569 4353 700 4423 disputate
714 4355 743 4406 in
760 4357 806 4410 473
824 4357 948 4433 dicentem
964 4348 1044 4411 iecere
1060 4376 1112 4410 non
1127 4360 1214 4426 potuit
1229 4359 1312 4410 Plato.

177 4435 287 4514 terum·
303 4437 409 4506 quithsi,
433 4437 514 4490 sliemt
535 4452 612 4489 mauu
635 4437 711 4490 semel
734 4439 901 4507 deprehensa,
922 4456 953 4493 ex
970 4442 1067 4508 relique
1083 4443 1194 4492 dictione
1208 4439 1313 4492 minime

187 4523 317 4576 Platonica
331 4520 524 4588 putidissimum
540 4521 662 4572 emblema
677 4525 761 4573 toturn
777 4523 896 4586 agnovit?
