3030 5294
674 302 929 372 GORGIAS.
1110 331 1112 335 ·
1320 314 1361 378 27

189 489 193 496 .
236 505 270 571 τὸ
294 505 473 592 προκείμενον
497 509 525 571 ἐν
546 509 587 588 τῷ
610 508 699 588 λόγῳ.
716 507 765 572 κοιλ
782 507 846 573 ἔνιοί
864 532 901 586 γε
912 517 1104 586 τελευτῶντες
1117 511 1252 594 αἴσχιστ’
1263 516 1364 582 οέιτονλ-

215 609 394 677 -λοέττοντοιι
417 611 617 693 λοιδορηθέντες
640 638 674 677 τε
696 613 745 677 κοιλ
768 613 895 687 εἰπόντες
919 620 967 680 καλ
992 617 1168 691 ἀκούσαντες
1197 620 1258 700 περὶ
1283 627 1365 703 σφῶν

166 772 168 777 .
209 768 211 774 .
237 719 332 783 αὐτῶν
355 710 495 799 τοιοῦτον,
518 715 564 785 οἷον
587 720 636 785 κοιλ
662 722 726 791 τοὺς
746 720 892 801 πορόντας
912 722 1054 803 ἄχθεσθαι
1076 726 1143 805 ὑπὲρ
1158 732 1240 808 σφῶν
1252 729 1364 804 αὐτῶν,

182 821 279 900 ,Eiet
309 825 440 890 τοιούτων
470 815 618 907 ἀνθρώπων
648 825 771 902 ἠξίωσαν
797 827 938 907 οὲκροατοιλ
962 829 1104 906 γενέσθαι.
1143 837 1203 896 Τοῦ
1226 832 1258 906 δὴ
1281 830 1366 898 ἕνεκα

236 930 315 1008 λέγοι
338 913 455 1008 ταῦτλι;
479 928 521 997 ὅτι
546 938 593 997 νῦν
618 932 679 1008 ἐμοὶ
699 933 792 1005 δοκεῖς
816 935 855 998 σὺ
875 937 905 999 οὗ
929 921 1169 1001 nuorenbere
1186 937 1284 1014 λέγειν
1303 914 1365 1005 οὐδὲ
1415 1021 1416 1025 ¹

164 1019 169 1028 ’
237 1034 382 1117 σύμφωνοι
412 1032 452 1109 οἷς
483 1038 516 1102 τὸ
547 1039 655 1118 πρῶτον
683 1037 784 1114 ἔλεγες
809 1040 946 1120 περὶτῆς
969 1045 1125 1120 ρη“τορικῆς.’
1144 1044 1296 1124 φοβοῦμαι
1319 1024 1373 1110 οὖν

237 1139 401 1222 διελέγχειν
425 1169 473 1222 σε,
498 1145 541 1220 μή
564 1168 603 1221 με
626 1144 779 1226 ὑπολάβοις
801 1148 831 1210 οὐ
855 1145 923 1225 πρὸς
947 1147 979 1210 τὸ
1004 1150 1133 1225 πρᾶγμα
1148 1153 1364 1229 Φιλονεικοῦντοι
1437 1227 1441 1234 ,

126 1290 137 1301 -
235 1245 332 1334 λέγειν
360 1255 410 1314 τοῦ
441 1251 613 1331 καταφανὲς
645 1249 792 1328 γενέσθαι,
827 1250 911 1315 οὶλλολ
938 1252 1005 1331 πρὸς
1028 1252 1070 1319 σε’.
1095 1255 1152 1331 ἐγὼ
1175 1249 1220 1319 οὖν
1231 1305 1240 1338 ‚
1265 1256 1365 1332 εἰμὲν

233 1505 373 1566 μανθανέτω.
403 1499 506 1563 Gor-rige
521 1499 600 1565 igitur
616 1499 677 1548 baec
692 1501 773 1548 trane·
822 1500 947 1558 nendum,
970 1505 1080 1568 αἴσχιστα
1099 1502 1224 1569 pertinere
1240 1505 1272 1554 ad
1288 1509 1362 1559 ἀπαλ-

233 1568 349 1632 ponendo
373 1567 422 1617 aio:
446 1571 579 1631 μανθανέτω
595 1571 633 1618 καλ
650 1567 773 1618 διδασκέτω
822 1568 1362 1640 lucremur,quodeetentelorioprtbrar.-

235 1640 270 1684 rb
286 1631 308 1684 τ’
323 1640 381 1701 ἀμρ.
400 1634 448 1685 κτλ.
667 1668 670 1673 -
823 1634 974 1697 interpretes
990 1633 1097 1683 afferunt
1113 1638 1225 1702 exempla
1236 1639 1305 1687 verbi
1317 1647 1363 1706 ἄχ-
1383 1664 1387 1668 ·

266 1699 334 1748 Ibid.
357 1727 390 1736 —
416 1700 627 1769 λοιδορηθέντες-
645 1703 698 1768 περὶ
715 1710 774 1766 epae
823 1702 899 1750 θεοθαι
916 1701 1055 1749 constructi
1072 1717 1129 1751 cum
1145 1721 1169 1755 τι
1184 1703 1291 1754 similive
1301 1706 1362 1756 huio

234 1767 315 1828 αὐτῶν]
351 1765 384 1816 In
407 1765 482 1828 Legg.
506 1767 553 1814 934
576 1769 600 1814 et
617 1765 665 1812 935
682 1766 772 1815 ommis
821 1765 930 1829 quadam
951 1766 1054 1825 vocula,
1078 1773 1107 1816 ut
1127 1771 1296 1820 accusativum
1313 1772 1361 1822 hoo

173 1868 177 1875 .
234 1833 333 1902 λοιδορέα
354 1833 405 1881 sive
430 1833 567 1899 κακηγορέα,
584 1836 659 1879 cuma
675 1851 772 1896 κακηγο-
821 1831 1014 1895 verbumregere
1023 1832 1201 1884 demonstrent.
1219 1836 1361 1900 Nugantur,

164 1904 167 1911 '
261 1905 282 1949 lu
303 1898 355 1946 sive
377 1908 448 1956 κακῶς
470 1900 576 1955 ἀλλήλους
592 1901 664 1961 λέγειν
679 1897 773 1962 impro-
822 1912 880 1945 uam
902 1901 940 1946 est
961 1905 988 1949 το
1010 1918 1039 1962 τι
1055 1899 1083 1948 in
1099 1900 1150 1949 illie
1167 1903 1285 1967 exemplis
1303 1920 1362 1953 cou-

265 1969 308 2015 tur
331 1964 442 2028 legisque
464 1964 589 2027 specimen
606 1964 693 2022 datur,
710 1979 774 2027 quae
821 1963 898 2011 traria
914 1963 939 2012 vi
956 1969 996 2015 τοῦ
1013 1966 1072 2015 οὐδὲν
1088 1966 1262 2017 adverbialiter
1272 1970 1365 2033 positi,

185 2087 188 2092 ⁴
234 2035 300 2080 vetet
316 2046 415 2079 omnem
431 2029 774 2093 maledictionem,quodest
822 2029 890 2092 quod
916 2034 1051 2093 utrumque
1073 2047 1144 2096 caepe
1166 2034 1302 2085 comitatur
1324 2053 1361 2087 ex.

235 2096 396 2162 hujusmodi:
413 2095 495 2160 (aunt)
511 2099 533 2146 al
544 2097 569 2155 δὴ
581 2105 680 2162 σμικρᾶς
691 2099 774 2165 ἔχθρας
821 2110 857 2157 gr.
874 2096 948 2145 verba
964 2099 1068 2165 χαίρειν,
1086 2099 1183 2159 δεῖσθαι,
1200 2117 1264 2165 quae
1280 2106 1364 2160 tamen

133 2170 141 2189 ‘
235 2169 352 2229 γενομένης
367 2163 447 2221 πολλὴν
462 2169 530 2228 φωνὴν
544 2165 614 2218 λέντες
628 2172 698 2219 κακῶς
708 2166 774 2220 άλλη-
821 2161 925 2210 minime
936 2164 1108 2212 accusativum
1118 2180 1201 2228 regere
1210 2183 1282 2217 nemo
1291 2168 1362 2230 igno·

236 2233 284 2286 λαις
304 2233 490 2295 βλασφημοῦντος
512 2231 622 2291 λέγουσιν,
645 2231 669 2277 οὐ
690 2235 775 2297 πρέπον
821 2230 868 2275 rat.
895 2227 1013 2277 Laudant
1029 2230 1104 2278 ctiam
1121 2230 1200 2280 Arist.
1218 2233 1278 2296 Lijs.
1296 2234 1327 2284 Io
1389 2291 1391 2296 ¹

237 2300 259 2344 έν
278 2297 372 2358 εὐνόμων
393 2297 455 2346 πόλει
470 2298 583 2358 γίγνεσθαι
601 2299 699 2345 τοιοῦτον
715 2296 775 2346 οὐδὲν
838 2291 941 2344 -rrbll’
950 2297 1008 2372 ὑπὲρ
1019 2297 1081 2360 ἡμῶν
1088 2306 1131 2347 τῶν
1137 2310 1240 2361 euverico
1249 2305 1360 2367 ἄχθομαι.

236 2361 324 2429 οὐδαμῇ
346 2361 452 2424 οὐδαμῶς.
474 2360 505 2416 εἷς
527 2361 553 2418 δὴ
569 2363 623 2426 περὶ
639 2364 775 2429 κακηγορίας
823 2357 872 2407 Sed
896 2360 938 2408 hic
960 2365 1000 2411 uti
1022 2362 1096 2411 etiam
1117 2363 1145 2411 in
1168 2364 1278 2414 dictione
1299 2365 1363 2420 πολλ’

238 2431 295 2478 iero
310 2433 376 2491 νόμος
391 2427 602 2494 reptacaestir.
629 2427 718 2484 Μηδένα
735 2447 774 2478 κα·
822 2428 891 2476 εἰπεῖν
904 2428 994 2495 χαίρειν
1009 2448 1059 2478 τινι.
1074 2428 1139 2477 illud
1159 2433 1230 2481 πολλὰ
1240 2437 1278 2480 eet
1289 2433 1362 2495 quasi

236 2496 360 2562 κηγορεέτοι
374 2494 461 2558 μηδεὶς.
484 2492 607 2542 Primum*
616 2497 699 2541 autem
712 2492 773 2542 haec
821 2492 988 2556 superlativus
1001 2499 1041 2544 τοῦ
1056 2495 1261 2560 resignifloatque
1271 2498 1360 2556 valde,

236 2559 290 2625 ipsa
313 2559 465 2622 corrigemus
486 2558 575 2607 deiude
596 2559 680 2607 locum
697 2575 773 2625 snpra
822 2559 983 2608 veliementer.
1010 2561 1075 2609 Nam
1091 2576 1152 2609 usus
1168 2565 1194 2610 et
1203 2563 1241 2611 vie
1252 2569 1293 2615 τοῦ
1303 2567 1361 2634 ὑπὲρ

236 2626 366 2691 scriptum.
399 2623 465 2684 Quia
487 2624 566 2687 igitur
587 2623 650 2674 feret
670 2625 772 2693 partici-
821 2623 916 2686 cuique
933 2630 999 2674 nota.
1031 2625 1067 2674 ut
1086 2641 1134 2676 vox
1155 2627 1192 2680 οἶα
1208 2628 1304 2691 flagitat
1320 2631 1359 2680 iu·

252 2691 306 2740 ium
327 2694 525 2758 βλαορημοῦνττς,
548 2706 599 2754 quo
616 2702 687 2748 κακῶς
703 2694 774 2755 λέγειν
820 2688 960 2748 finitivum,
979 2692 1020 2741 cui
1031 2693 1186 2742 accusativus
1198 2695 1304 2760 subjecti
1315 2696 1358 2745 ad·

235 2707 405 2822 liujungitur?
431 2756 479 2807 Vel
501 2757 594 2822 positio
616 2758 670 2806 e'ue
686 2759 773 2822 prodit
817 2754 940 2818 jungitur.
977 2757 1067 2822 Itaque
1094 2760 1168 2809 verba
1195 2765 1294 2820 εἰπόντες
1321 2767 1358 2816 κοιλ

235 2823 420 2889 interpolatoris
445 2838 561 2881 manum,
583 2839 615 2872 ue
638 2824 720 2873 dicam
741 2825 773 2874 do
819 2825 953 2882 ἀκούσαντες
969 2851 1001 2862 -
1017 2830 1130 2894 ἀκροαταὶ
1144 2832 1246 2890 γενέσθαι
1258 2829 1294 2876 aio
1305 2845 1359 2878 ver·

235 2888 314 2954 ipsius
334 2889 403 2938 verbi
417 2891 563 2957 βλασφημεῖν
577 2889 692 2949 notione,
709 2907 773 2955 queo
819 2889 911 2938 timusa
938 2890 1032 2939 talibas
1057 2892 1136 2940 dictis
1157 2892 1185 2940 ιἰι
1208 2909 1233 2941 νε
1255 2894 1359 2944 traiecere

235 2955 337 3004 omuino
360 2955 440 3005 aliena
461 2961 499 3004 est
518 2956 550 3003 ab
569 2955 698 3005 hocloco.
724 2957 773 3006 Est
822 2955 954 3018 conjectio,
969 2961 998 3005 ειέ
1007 2957 1084 3005 etium
1088 2962 1235 3020 praesenter
1243 2960 1283 3008 eui
1291 2960 1359 3024 ipsos

168 3022 171 3029 '
235 3021 301 3070 euim
320 3021 462 3086 diciturque
477 3025 615 3089 βλαορημέα
630 3022 772 3072 maledictio
816 3020 918 3084 purat,
935 3024 1002 3084 qood
1019 3023 1113 3071 talibus
1129 3024 1269 3074 bominibus
1285 3026 1359 3075 audi·

235 3087 355 3152 quaedam
377 3087 405 3136 in
420 3087 512 3136 ritibus
529 3088 618 3147 sacris,
636 3089 677 3137 cui
693 3103 768 3154 oppo·
822 3090 888 3134 torar
904 3088 1134 3137 coluerintadease.
1156 3089 1244 3139 Habeo
1257 3092 1358 3154 quidem

235 3153 305 3202 nitur
320 3156 425 3220 εὐρημέα.
451 3154 490 3203 De
505 3154 547 3203 hie
562 3155 645 3218 agitur
657 3154 685 3203 in
696 3155 772 3218 legg.
822 3156 936 3216 suspecta
952 3154 1026 3203 verba
1041 3159 1096 3222 περὶ
1113 3167 1170 3222 κροκι
1186 3160 1257 3208 αὐτῶν
1271 3157 1358 3223 impri-
1459 3165 1462 3168 ’

237 3221 296 3277 800,
319 3235 394 3283 quem
417 3219 501 3269 locum
518 3219 641 3278 conferat,
658 3220 721 3283 quid
738 3221 772 3270 sit
821 3217 869 3266 mia
880 3218 912 3266 ob
922 3224 981 3268 moi
993 3221 1120 3283 sequentia
1131 3223 1188 3290 ὑπὲρ
1200 3232 1258 3289 epae
1269 3226 1357 3288 αὐτῶν,

234 3287 377 3399 phaceam
384 3291 409 3334 et
417 3289 521 3354 εὐφημεῖν
527 3286 572 3351 qui
581 3286 644 3336 scire
652 3286 719 3335 velit.
731 3287 772 3335 nx
819 3283 865 3332 sed
881 3289 948 3334 certo
964 3284 1080 3350 expedire
1095 3302 1135 3336 me
1151 3287 1211 3337 bueo
1224 3304 1275 3338 non
1285 3282 1375 3354 posse¹

253 3366 282 3401 oc
298 3353 366 3401 enim
382 3352 496 3401 Platonis
512 3368 586 3418 opere
602 3352 715 3401 omnium
727 3367 771 3419 op·
819 3349 906 3398 fateor.

171 3455 177 3468 .
235 3417 295 3467 time
319 3419 409 3467 talium
439 3419 571 3468 verborum
598 3434 660 3469 naue
684 3424 710 3468 et
734 3419 771 3468 vis
809 3457 812 3465 .
852 3444 885 3454 ·-
901 3415 924 3467 Ε
941 3420 982 3468 τοῦ
997 3423 1122 3485 καταφανὲς
1132 3423 1245 3484 γενέσθαι]
1269 3420 1358 3471 Conse·

235 3484 350 3547 cognosci
373 3490 488 3550 possunt.
519 3484 593 3548 Legis
609 3485 676 3535 enim
693 3486 772 3550 speci·
820 3482 886 3531 renti
908 3485 955 3532 453
973 3481 993 3532 G
1010 3512 1042 3522 -
1059 3505 1085 3536 τε
1101 3491 1213 3555 ἐρήσομαι
1228 3514 1262 3526 -
1278 3491 1302 3539 οὐ
1319 3493 1357 3539 τοῦ

234 3565 291 3600 men
307 3551 339 3600 de
354 3551 462 3615 quadam
478 3567 505 3600 re
521 3551 697 3617 propositurus
714 3568 772 3600 auc·
821 3552 900 3612 bana,
917 3551 1110 3617 eutrociae
1125 3558 1187 3604 bera
1200 3581 1232 3593 -
1243 3559 1296 3624 περὶ
1307 3558 1360 3607 ὅταν

235 3619 275 3665 tor
292 3617 368 3680 vulgo
384 3621 525 3666 accuratam
540 3617 594 3681 ejus
611 3618 647 3666 rei
664 3617 772 3684 deacrip·
821 3618 919 3679 λέγεται.
939 3632 1015 3681 supra
1029 3620 1123 3684 scripta
1133 3620 1230 3685 plaeere
1240 3634 1291 3669 non
1302 3635 1358 3686 poe·

234 3676 327 3732 tionem
348 3683 494 3748 praemittit.
520 3683 595 3731 Nunc
610 3683 711 3743 audias,
729 3700 773 3732 cur
822 3686 889 3730 eunt.
913 3681 966 3730 Noe
984 3683 1071 3734 saltem
1087 3687 1160 3735 verba
1176 3691 1216 3738 τοῦ
1232 3692 1361 3755 καταφανὲς
1436 3715 1443 3727 =

234 3763 280 3813 pro
290 3742 511 3815 interpretamento
523 3749 665 3799 habendum
673 3751 707 3798 sit
716 3766 773 3814 par·
822 3753 923 3812 γενέσθαι
939 3749 1028 3799 scribis
1042 3751 1122 3801 dibori
1132 3753 1303 3802 centendimus
1315 3755 1358 3803 ad-

234 3813 349 3880 tioipium
375 3812 537 3885 λοιδορηθέντες
563 3815 591 3864 in
615 3816 670 3864 looo
698 3832 773 3881 supra
817 3816 872 3863 buc
889 3818 968 3868 ἔναυλα
983 3817 1131 3867 habentibus
1149 3820 1359 3885 superiora,cum

235 3882 336 3946 scripto.
361 3881 395 3930 In
412 3882 487 3945 Legg.
504 3883 551 3931 934
568 3883 667 3950 λοοδορέα
685 3903 716 3926 =
734 3903 772 3934 κο·
821 3880 934 3929 hacoiia
958 3881 1049 3932 similia
1065 3885 1208 3934 scriberent.
1233 3885 1275 3935 Ad
1291 3885 1358 3948 geni·

235 3950 340 4015 κηνορέας
366 3947 403 3997 ita
426 3953 457 3996 ut
481 3953 525 3997 aut
549 3948 614 3996 illud
640 3951 684 3996 aut
709 3949 772 4007 hoo,
821 3946 901 3996 tivum
923 3952 1007 3998 autem
1030 3965 1087 3998 cum
1104 3956 1167 4004 ένεκα
1182 3951 1235 4000 illio
1251 3956 1317 4000 reete
1333 3965 1359 4000 se

172 4061 176 4067 ,
235 4027 365 4075 consero
381 4018 519 4077 utrumque
535 4014 611 4062 simul
627 4014 771 4078 usurpetur.
820 4012 952 4062 habentem
962 4030 1014 4064 non
1024 4018 1192 4067 attenderunt.
1208 4017 1310 4066 Periodi
1319 4032 1359 4065 ra·

236 4078 322 4142 Neque
347 4079 426 4142 igitur
452 4081 616 4149 λοιδορηθέντες
640 4099 666 4130 τε
690 4085 729 4131 καλ
744 4080 772 4129 in
822 4079 858 4127 tio
881 4079 909 4128 in
931 4079 953 4127 Ε
975 4096 1026 4130 non
1048 4083 1185 4145 genitivum
1203 4083 1303 4137 articuli
1319 4087 1361 4134 τοῦ

192 4160 195 4167 ·
237 4143 329 4208 Gorgia
352 4146 413 4194 ferri
436 4152 556 4212 possunt
579 4146 665 4207 Quare
689 4146 773 4209 quivis
821 4145 944 4210 postulat,
962 4146 1006 4195 sed
1017 4149 1217 4213 conjunctionem
1228 4152 1296 4206 ὅπως.
1314 4147 1358 4196 Iu·

235 4209 348 4260 lubenter
363 4227 461 4261 mecum
475 4213 657 4278 optemperabit
668 4213 773 4261 nostrati
821 4215 940 4276 terpretes
961 4212 1066 4263 laudant
1088 4213 1152 4263 Xen.
1173 4214 1230 4278 (lyr.
1250 4218 1271 4262 l.
1288 4215 1317 4274 3,
1335 4215 1360 4263 9.

236 4285 269 4342 τῷ
285 4283 406 4347 ἀκροτάτῳ
421 4283 453 4336 ris
469 4284 556 4342 ταῦτα,
574 4279 620 4342 qui
636 4277 697 4327 olim
708 4278 773 4327 mibi
822 4273 916 4325 Verum
937 4293 1000 4341 quaa
1022 4280 1064 4329 hic
1086 4281 1203 4344 leguntur
1223 4286 1264 4332 τοῦ
1285 4282 1310 4340 δὴ
1327 4306 1359 4320 -

237 4342 300 4392 hauc
308 4345 772 4394 emendationemoommunioarit.rlc·
821 4343 897 4400 αὐτοῖς
919 4343 1050 4394 manifesto
1075 4351 1134 4396 sunt
1154 4347 1318 4412 interpolata,
1335 4351 1361 4397 et

238 4409 308 4458 cedat
324 4410 427 4460 Theaet.
447 4411 492 4462 174
510 4410 544 4470 O,
562 4411 606 4459 ubi
619 4417 641 4462 do
654 4413 773 4481 λοιδορλαις
820 4411 848 4460 in
870 4409 946 4472 Gorg.
964 4411 1011 4459 509
1029 4411 1062 4477 1).Ι
1078 4440 1112 4448 -
1125 4418 1163 4463 toto
1180 4415 1271 4479 δύναμιν
1285 4433 1362 4484 παρα·

187 4526 190 4532 Α
238 4489 288 4524 uon
303 4491 377 4541 posse
393 4477 501 4541 aliquem
517 4478 623 4547 λοιδορεῖν
633 4479 726 4527 dicitur
737 4479 771 4538 is,
821 4482 956 4535 exercemur
972 4482 1012 4528 τοῦ
1022 4485 1056 4543 μὴ
1065 4479 1189 4532 ἀδικεῖσθαι
1198 4481 1362 4546 prorsusulia

238 4541 282 4605 qui
306 4544 365 4593 αλδλν
389 4548 455 4595 κακδν
478 4543 584 4593 aliou'us
610 4545 672 4593 sciat
695 4560 775 4609 neque
823 4547 862 4594 eat
878 4543 1154 4596 constructioniaratio.
1173 4546 1361 4598 Oouatructioui

237 4606 314 4680 igitur
330 4608 412 4660 dicere
420 4609 515 4677 possit.
565 4609 655 4676 cuique
670 4611 713 4662 rix
723 4625 776 4662 mo·
825 4608 891 4660 enim
910 4609 979 4660 vocis
995 4611 1087 4678 δι’νναιικς
1102 4618 1220 4680 sequente
1234 4613 1361 4665 infinitivo
1439 4633 1452 4691 Ἰ
