3030 5294
489 304 900 371 PROLaGOMaNA.
1185 324 1263 370 xxix

120 509 236 575 ἔσεσύωι
260 518 291 574 et
313 509 426 588 ύγοούύς
448 510 490 576 τοὶ
513 512 652 576 πολιτικοὶ
676 510 868 594 eundemque
892 531 1018 594 scopum
1043 515 1189 598 spectare.
1224 511 1261 577 ‘0

40 697 43 705 ,
119 615 226 687 τελέως
248 617 360 693 ύγιιύδς
383 617 452 696 aaa,
476 624 521 681 est
545 623 608 683 νοῦν
630 616 722 698 ἔχων,
745 616 832 681 novit
847 613 866 681 δ’
876 641 905 680 τι
920 617 1047 693 ύγοούδν,
1064 613 1083 680 δ’
1093 639 1123 682 τι
1139 615 1261 701 aanor,
1365 644 1367 651 ¹

119 723 206 788 ύτοῑοι
240 727 297 787 τῶν
331 722 417 798 ἡδέων
446 723 568 800 ύγοιύοδ,
601 729 632 785 et
662 723 832 786 necessario
863 729 909 785 cst
942 721 1048 793 δίκαιος
1082 729 1113 785 et
1142 723 1263 804 σύφρων

122 827 211 913 (Gap.
245 826 298 892 III
321 839 351 892 ct
374 827 400 892 Ι.
424 827 505 892 Sect.
530 827 556 893 Ι.
581 829 598 912 q
621 830 670 907 tt·
699 826 816 912 Scopas
839 835 960 905 autem,
985 827 1137 911 adquam
1161 825 1261 893 bouus

119 933 167 998 vir
189 941 331 1018 spectans
354 932 415 997 sibi
441 933 570 1018 aliisque
592 934 687 1012 vivit,
712 933 881 998 secundum
903 936 965 999 507
985 933 1033 1011 D,
1050 933 1105 999 ubi
1123 932 1262 998 Socrates

119 1040 302 1114 summatim
328 1039 472 1125 exprimit
494 1060 574 1125 quae
595 1039 914 1123 argumentationibus
936 1038 1092 1118 effecerat,
1117 1039 1167 1105 hic
1192 1045 1261 1106 esta

119 1141 201 1218 ούτος
223 1144 325 1224 ἔμοιγε
347 1145 425 1210 δοκεῖ
444 1145 458 1211 ὁ
481 1144 587 1218 σκοσδς
610 1142 700 1222 strar,
723 1145 793 1227 τρδς
816 1142 846 1211 δν
868 1144 1024 1223 βλέποντος
1045 1145 1092 1211 δοῖ
1117 1145 1187 1227 ζῆν,
1210 1144 1260 1211 καὶ

120 1249 211 1318 πάντ’
242 1252 283 1324 εἷς
313 1257 399 1316 τοῦτο
429 1249 479 1316 κού
510 1251 552 1317 τοὶ
582 1251 673 1317 ὀιύτού
702 1253 885 1317 σνντσύνοντοο
915 1252 965 1317 κού
988 1254 1030 1317 τύο
1052 1260 1106 1327 τῆς
1129 1253 1258 1329 πόλεως,
1316 1264 1317 1269 ’
1378 1305 1380 1309 Α

119 1355 196 1429 ὅπως
229 1356 389 1433 δικαιοσύνη
424 1355 568 1438 σορέστοιι
604 1358 655 1422 κού
686 1357 853 1439 σωφροσύνη
884 1359 926 1438 τῷ
956 1357 1091 1438 μοικοιρύω
1120 1357 1262 1435 μέλλοντι

119 1462 253 1546 ἓσοσύκι,
276 1462 349 1528 ούτω
373 1461 522 1547 τρύττειν.
557 1462 647 1528 Hanc
670 1485 757 1528 suam
779 1464 876 1548 igitur
899 1469 929 1527 st
953 1462 1084 1527 aliorum
1109 1469 1140 1528 et
1162 1463 1261 1529 totius

121 1568 255 1633 civitatis
277 1568 408 1634 salutem
432 1577 464 1633 et
486 1568 662 1633 felicitatem
686 1578 827 1653 spectans
849 1591 938 1633 verus
957 1569 1062 1634 rhetor
1076 1591 1167 1634 verus
1183 1568 1259 1653 poli·

118 1675 201 1740 tium
224 1681 270 1739 est
291 1675 382 1747 ascahc
405 1674 555 1752 κούγοιύὸς,
579 1681 627 1738 ert
644 1674 751 1747 δύκωιος
774 1687 805 1739 et
826 1675 965 1757 σώφρων,
990 1674 1090 1739 bonus
1113 1675 1205 1754 civis,
1223 1684 1261 1761 ct

119 1801 239 1865 semper
261 1781 325 1863 agit
348 1789 380 1844 ct
402 1779 477 1852 dicit
498 1781 569 1861 πρὸς
590 1781 625 1846 τὸ
647 1780 821 1866 βέλτιστον,
844 1788 881 1844 ut
899 1785 955 1846 τῶν
971 1786 1095 1846 πολιτῶν
1111 1783 1142 1847 ού
1157 1781 1259 1862 dagal

117 1888 157 1958 ύς
187 1885 345 1966 βέλτιστοι
372 1886 465 1964 fiant,
489 1908 595 1951 eorum
618 1889 635 1962 ἡ
658 1886 768 1952 διύνοιοι
788 1888 868 1961 asab
890 1887 1009 1964 κύγοιύή
1033 1887 1053 1953 i.
1076 1909 1103 1952 e.
1126 1893 1163 1952 ut
1185 1888 1260 1952 fiant

117 1991 220 2058 δύκοιιοι
250 1999 281 2056 et
303 1992 445 2074 σώφρονες
469 1994 548 2077 (503
572 1992 618 2069 A,
644 1995 709 2057 504
732 1991 780 2070 D,
806 1997 870 2057 514
894 1996 923 2056 A
944 1992 1005 2085 al..)
1045 1991 1133 2074 Quae
1157 1993 1260 2059 omnia

116 2098 220 2177 λόγοις
241 2097 463 2183 (syllogisticis)
485 2104 633 2183 tanquam
655 2099 774 2177 σιδηροῖς
795 2098 847 2164 κκὶ
866 2098 1072 2174 οἰδωωωντύνοις
1088 2099 1206 2166 firmata
1226 2107 1258 2164 et

120 2205 288 2269 constricta
318 2203 492 2271 adversarii,
513 2202 631 2269 Socrati
661 2205 827 2270 concedere
851 2213 1013 2289 coguntur.
1050 2204 1200 2271 Fateatur
1223 2227 1255 2272 se

115 2331 245 2395 prorsus
268 2309 420 2375 contraria
443 2309 540 2373 facere
564 2331 605 2373 ac.
621 2332 691 2373 vera
706 2309 858 2375 rhetorica
874 2311 1032 2394 praecipit,
1056 2310 1207 2376 Fateatur
1222 2333 1255 2377 se

116 2415 261 2502 ignorare
285 2417 362 2481 hauc
385 2437 487 2480 veram
511 2415 693 2488 rhetoricam
717 2423 748 2480 et
764 2416 930 2501 politicam.
960 2415 1070 2501 Neque
1086 2417 1255 2504 quidquam

115 2522 251 2606 amplius
275 2529 381 2587 contra
404 2522 563 2606 disputant
586 2530 656 2606 post
679 2523 786 2607 capitis
809 2522 863 2587 III
886 2523 1131 2600 conclusionem,
1149 2546 1259 2611 exque

116 2616 244 2714 quoque
266 2629 300 2692 in
322 2629 520 2692 clarissimam
544 2628 644 2693 lucem
665 2628 769 2712 prodit
783 2650 855 2692 vera
869 2627 1019 2693 rethorica
1034 2630 1096 2693 sive
1113 2630 1257 2714 politica,

114 2755 211 2817 quam
241 2741 272 2799 at
306 2735 428 2818 qualem
460 2733 597 2800 Socrates
628 2734 762 2819 intelligi
784 2734 870 2812 vult,
894 2734 1072 2819 ubicunque
1095 2735 1133 2799 de
1157 2758 1193 2799 aa
1213 2734 1259 2801 lo·

115 2839 236 2923 quitur.
271 2840 578 2926 Argumentationem
603 2842 683 2904 enirn
707 2841 800 2927 hujus
817 2840 926 2925 capitis
943 2841 986 2906 sic
1001 2841 1064 2906 lere
1081 2842 1256 2908 concludit:

113 2966 218 3030 nequa
247 2946 344 3030 igitur
373 2945 505 3011 Pericles
535 2969 635 3031 neque
665 2946 777 3032 reliqui
810 2946 929 3031 politici
952 2947 1018 3031 (qui
1041 2955 1116 3012 tunc
1140 2970 1259 3013 summa
1311 3017 1313 3020 ,

111 3050 210 3116 laude
234 3051 364 3117 Athenis
389 3048 636 3138 celebrabantur)
655 3053 762 3130 οὶγοούοὶ
783 3054 908 3134 ῥήτορες,
924 3053 1030 3130 ύγκύοὶ
1046 3053 1088 3119 τύ
1102 3054 1257 3131 πολιτικὰ,

111 3157 223 3233 aaron
256 3164 376 3223 τοκῖτοιι
408 3157 552 3246 fuerunt,
585 3159 700 3244 quippe
728 3158 799 3224 ἴοιεν
821 3157 996 3234 δικαιοσύνης
1020 3166 1050 3223 et
1072 3160 1257 3243 σωφροσύνης

111 3260 251 3341 νεωρίοις,
287 3263 402 3344 τεύχεσι
435 3264 564 3348 aliisque
588 3264 766 3348 hujusmodi
788 3265 948 3347 φλνοιρύοιις
970 3264 1110 3341 μεγάλην
1133 3266 1259 3349 quidem
1291 3294 1294 3300 ι

115 3369 173 3444 σὺν
195 3367 280 3436 πόλιν
303 3370 510 3453 πεποιηκότες,
536 3369 589 3434 sed
612 3369 741 3436 οἰδούσοιν
765 3377 796 3434 et
819 3367 941 3435 ύτονλον
964 3371 1039 3455 (055
1064 3369 1109 3448 Ε,
1128 3374 1191 3437 503
1211 3371 1257 3450 Β,

110 3472 162 3552 Ο,
183 3476 245 3538 510
264 3476 315 3558 Α).
338 3475 386 3539 Ex
410 3475 458 3539 his
481 3475 601 3560 liquido
625 3497 772 3562 apparere
794 3484 890 3560 puto,
914 3476 948 3540 in
972 3475 1030 3540 hoc
1054 3475 1176 3561 dialogo
1200 3476 1257 3544 sub

110 3581 241 3646 nomine
264 3603 351 3645 verae
374 3583 519 3667 politicae
543 3591 573 3647 et
594 3582 764 3647 rhetoricae
781 3582 882 3646 ethica
898 3581 1109 3667 philosophiae
1127 3583 1259 3650 Socrati·

100 3689 167 3752 'cae
198 3696 359 3773 praecepta
390 3688 489 3765 tradi,
520 3711 598 3772 quae
627 3711 690 3753 non
714 3689 813 3754 solum
837 3687 980 3752 omnibus
1003 3689 1121 3754 civibus
1135 3691 1258 3780 pariter
1290 3726 1293 3735 ·

111 3794 305 3860 observanda
336 3796 415 3871 sint,
448 3795 501 3858 sed
526 3797 616 3859 etiam
642 3797 667 3859 si
691 3795 745 3880 qui
769 3817 874 3859 eorum
899 3795 1055 3880 politicam
1078 3802 1133 3859 aut
1156 3795 1258 3861 rheto-

108 3901 207 3964 ricam
235 3909 290 3964 aut
313 3899 511 3986 sophisticam
534 3902 712 3986 profitentes
735 3900 913 3988 hujusmodi
935 3901 1046 3965 artium
1072 3922 1164 3985 opera
1185 3925 1256 3967 τονι-

108 4005 239 4073 δεύονσιν
260 4007 420 4087 ύνύρύτονς
443 4008 523 4091 (500
547 4006 646 4090 AB),
671 4008 769 4072 omnis
794 4006 886 4093 hujus
909 4006 1043 4078 τωιδούως
1060 4006 1152 4071 finem
1171 4029 1256 4093 prae·

110 4113 259 4177 scribant.
295 4111 345 4177 Ne
369 4114 478 4178 umbra
500 4114 625 4200 quidem
647 4114 793 4179 rhetorici
817 4113 970 4198 praecepti
996 4113 1034 4177 de
1061 4136 1257 4194 γροιμμοοτισ-

108 4225 169 4298 μού
200 4227 255 4284 aut
286 4223 471 4301 ῥημκτισμοῦ
502 4242 633 4306 usquam
664 4220 766 4285 datur.
812 4219 858 4283 De
881 4225 936 4284 τῶν
960 4220 1012 4299 πρὸ
1035 4228 1088 4294 τῆς
1111 4223 1255 4301 ῥητορικῆς

108 4326 283 4402 οὶνωγκούων
305 4325 505 4402 μοιύηωύτων,
529 4326 567 4391 de
590 4326 688 4411 ipsius
711 4328 821 4406 ῥήτορος
845 4323 962 4406 φύσεως
986 4334 1016 4390 et
1037 4325 1075 4390 de
1097 4326 1162 4412 ejus
1183 4327 1257 4407 ὑψη-

108 4436 210 4507 abaci,
244 4431 283 4494 du
315 4438 421 4512 φυχῆς
452 4432 568 4513 φύσεως
600 4441 631 4497 et
653 4438 744 4510 γενῶν
768 4432 936 4497 aliorumve
960 4432 1150 4516 hujusmodi,
1175 4455 1254 4517 quaa

109 4535 282 4602 secuudum
306 4536 464 4623 disputata
486 4538 518 4601 in
542 4536 683 4603 Phaedro
707 4547 853 4625 tanquam
874 4537 1076 4602 fundamenta
1090 4540 1256 4616 ύνωγκοοῒον
