3030 5294
550 332 947 401 pronunciemus.
998 368 1001 373 -
1238 307 1315 411 'nx

189 535 213 598 οί
243 533 314 599 λίθοι
343 534 380 600 θιν
408 533 480 601 οὕτω
495 559 547 613 νε
573 539 650 602 etot
673 535 757 619 νέκροι
780 538 1030 618 εὐδαιμονέστατοι
1054 548 1171 620 essent3
1196 541 1312 607 Socrati

189 659 279 724 porro
301 643 488 726 comparanti
510 644 559 708 τὸν
582 643 743 718 οἰτλνίοτωι
764 643 873 725 ἔχοντο
895 643 957 722 βίον
979 647 1019 726 τῷ
1039 651 1094 711 τῶν
1113 647 1313 729 Φοοούντωνέν

185 743 285 809 Ἄνθον
309 746 348 817 είς
370 746 419 811 τὸν
442 748 609 829 τετρημένον
633 749 709 814 τίίον
734 747 802 827 ὕδωρ
826 749 886 814 fere
910 750 1046 814 concedit
1060 729 1114 816 τὸν
1134 751 1247 831 νίομιον
1263 759 1312 818 τοῦ

188 847 352 916 οὶκολθοτοο
376 874 439 917 esse
463 853 706 934 εὐδαιμονέστερον
739 892 784 903 -
806 858 870 919 499
891 855 937 919 D:
958 856 1122 921 conferenti
1145 864 1246 923 autem
1265 859 1313 923 τὸν

187 955 304 1033 κθομιον
323 956 389 1022 sits
409 957 541 1039 ονίφοονον
562 961 603 1040 τῷ
626 959 839 1041 τλνρωοοομένῳ
862 962 926 1033 τοὺς
950 958 1045 1034 τίθονς
1065 963 1190 1044 ἡσυχίων
1215 962 1311 1044 ἔχοντι

186 1062 351 1146 respondet
380 1064 431 1143 τῷ·
450 1065 664 1144 τληρωοοομίνῳ
687 1065 780 1129 οὐκέτ’
801 1064 877 1130 ἔστιν
899 1066 979 1141 ἡδονὴ
1001 1067 1119 1145 οὐδεμίαν
1143 1069 1219 1144 μήτε
1243 1067 1312 1150 χοί-

184 1189 259 1247 ροντι
282 1168 324 1233 ἔτι
346 1168 422 1245 μήτε
444 1169 629 1250 λυπουμένῳ)
654 1169 705 1234 sed
728 1170 762 1234 τὸ
785 1169 869 1246 ἡδέως
892 1170 941 1251 ζῆν
961 1179 1006 1236 est
1024 1173 1053 1237 ἐν
1071 1175 1110 1251 τῷ
1126 1175 1162 1245 ὥς
1174 1181 1311 1239 πλεῖστον

186 1273 316 1353 ἐπιρρεῖν.
358 1272 493 1338 Socrates
524 1295 606 1339 nunc
635 1275 739 1339 acerbe
763 1275 790 1341 ei
812 1276 931 1359 reponit
952 1277 1107 1358 χοιροθρίου
1129 1277 1191 1355 βίον
1213 1279 1311 1356 λέγεις

184 1379 219 1442 οὐ
248 1379 341 1455 λίθον,
377 1401 444 1442 cum
476 1379 519 1444 sic
549 1396 656 1462 magna
686 1380 760 1444 fiant
791 1401 911 1444 necesse
941 1382 980 1445 sit
1009 1383 1050 1446 τοὶ
1078 1383 1216 1461 τοήμοιτοο
1243 1390 1311 1456 τοῖς

183 1484 296 1562 εἰιροωῑς
322 1519 361 1531 -
387 1487 452 1547 494
475 1484 512 1549 B.
544 1483 685 1551 Callicles
709 1494 808 1550 tamen
832 1473 931 1570 pergit
953 1487 1151 1562 contendere,
1175 1488 1310 1565 εὐδοωμο·

184 1588 248 1653 νίοον
281 1610 344 1652 esse
372 1589 405 1654 τὸ
434 1589 544 1670 ἔχοντο
573 1592 628 1662 τοὶς
656 1591 810 1668 ἐπιθυμίας
833 1590 1115 1671 θύνοοθνι”τλνροῦν
1141 1615 1183 1656 ex.
1208 1614 1253 1677 gr.
1277 1594 1310 1659 τί

183 1702 284 1769 πεινῆν
315 1693 365 1760 κοί
386 1702 535 1788 -τεινῶντοο
568 1696 665 1762 ἐσθίειν
672 1745 681 1775 ,
706 1695 818 1780 quibus
839 1696 976 1762 Socrates
1000 1697 1135 1781 suggerit
1158 1697 1240 1761 istud
1263 1697 1310 1762 illi

183 1799 286 1862 simile
308 1798 340 1863 τὸ
362 1807 519 1874 κννσίῶντοο
541 1800 671 1884 οθφθθνως
697 1801 777 1882 ἔχειν
792 1805 842 1866 τοῦ
858 1803 991 1884 mactat,
1012 1809 1046 1864 ut
1065 1809 1205 1886 appareat
1217 1824 1309 1888 quam
1343 1845 1344 1849 =

182 1901 263 1967 falsa
285 1904 325 1966 sit
347 1904 442 1968 thesis
465 1905 555 1970 haec:
578 1906 626 1970 τὸν
650 1909 791 1986 χοιίοοντω
813 1893 888 1978 ὅπως
907 1905 943 1971 dv
960 1901 1306 1990 χοίρνεύθοιίμονοοεθνοιι.

190 2005 293 2087 Quare
316 2009 483 2074 secundom
506 2009 588 2075 Socr.
613 2011 816 2076 definiendum
834 2012 928 2076 θτοῑοοι
948 2017 1003 2077 τῶν
1019 2011 1117 2087 ἡδονῶν
1135 2012 1308 2090 eradetnel

186 2112 280 2178 κοικοοί
299 2149 344 2162 -
364 2117 438 2177 teo.
469 2105 551 2179 Petit
573 2116 667 2198 igitur
687 2116 865 2200 placitorum
882 2116 990 2180 horum
1006 2115 1110 2180 falsam
1129 2116 1307 2200 hypothesin

189 2217 226 2281 ab
251 2218 428 2284 adversariis
447 2228 594 2304 arreptam
611 2220 644 2285 τὸ
660 2221 709 2296 ἡδὺ
728 2249 760 2274 =
780 2221 927 2300 τοίνοιθθν,
943 2221 976 2286 τὸ
992 2220 1103 2300 οθνιοορὸν
1115 2249 1147 2276 =
1161 2221 1195 2286 τὸ
1206 2223 1292 2287 κοινὸν
1298 2271 1306 2302 ,

187 2323 355 2388 secuudum
373 2340 462 2410 quam
479 2347 582 2389 omnes
599 2326 722 2390 omnino
739 2326 830 2400 ἧδονοιί
845 2357 877 2382 =
889 2327 991 2402 οίνοιθοὶ
998 2375 1007 2408 ,
1021 2309 1113 2391 abaci
1126 2355 1158 2381 =
1170 2326 1248 2392 κοινοί
1264 2364 1308 2378 -

187 2432 249 2491 495
283 2428 316 2492 Β.
356 2429 571 2494 contumacem
603 2430 724 2494 tandem
757 2431 854 2506 λίνοις
878 2431 1078 2515 aggreditur.'
1101 2430 1190 2495 Redit
1214 2432 1307 2515 igitur

136 2589 141 2593 .
188 2553 269 2597 nuuc
292 2532 329 2597 ad
353 2556 409 2611 ea‚·
427 2557 504 2618 quae
521 2534 660 2599 Callicles
680 2535 795 2600 dixerat
814 2537 847 2600 in
867 2538 929 2599 490
951 2535 1083 2599 0-491
1101 2536 1172 2600 Βτὸ
1183 2536 1307 2613 βελτίων

130 2632 132 2639 ’
186 2643 216 2700 ct
236 2636 369 2716 κρείττων
392 2668 423 2694 =
447 2640 581 2720 φρόνιμος
604 2642 648 2723 (=
670 2642 847 2722 ἐπιστήμων)
875 2648 905 2704 et
928 2641 1067 2719 ἀνδρεῖος,
1089 2648 1180 2725 atque
1199 2642 1242 2705 sic
1261 2663 1306 2705 or·

185 2742 269 2807 ditur
291 2745 590 2828 argumentationem
603 2745 699 2830 (quod
722 2746 756 2810 fit
779 2745 1212 2831 interrogando):·secuudum
1238 2745 1306 2812 (lal-

188 2847 286 2912 liclem
317 2849 368 2924 ἡδὺ
399 2859 428 2913 et
459 2849 568 2926 οὶνωθίν
600 2859 645 2915 est
673 2851 780 2916 τωύτὸν
802 2853 880 2936 (495
905 2851 964 2934 Α),
988 2872 1076 2934 porro
1099 2852 1245 2927 ἐπιστήμη
1275 2861 1305 2916 et

184 3055 274 3139 ἕτερον
296 3066 341 3123 est
364 3060 477 3140 ἡδονῆς,
502 3068 666 3143 atrumque
688 3061 827 3132 ἀλλήλοιν
850 3069 880 3124 et
903 3060 1072 3124 necessario
1095 3060 1183 3124 etiam
1207 3062 1303 3136 τοὶνοι-

185 3164 238 3229 aa·
261 3160 372 3242 ἕτερον,
400 3165 420 3229 i.
445 3187 468 3228 e
503 3167 587 3228 A:
609 3165 652 3243 B,
688 3186 765 3248 quae
795 3165 891 3248 igitur
924 3187 985 3229 non
1008 3167 1111 3249 -Α,
1139 3186 1176 3229 ea
1203 3187 1302 3249 neque

184 3296 215 3323 =
236 3268 270 3337 Β.
310 3267 449 3334 Callicles
474 3262 544 3333 'uon
574 3270 781 3334 convincitur:
802 3268 950 3334 -Socrates
980 3269 1075 3353 igitur
1106 3269 1183 3332 hauc
1216 3292 1303 3354 argu·

184 3375 397 3438 mentatiouem
417 3375 575 3452 instituit,
608 3377 624 3449 ἡ
654 3374 819 3451 εὐδαιμονία
842 3382 872 3437 et
895 3376 912 3449 ἧ
934 3373 1083 3456 allaterat,
1100 3374 1148 3439 vml
1163 3375 1249 3439 κοινοὶ
1272 3385 1301 3439 et

184 3478 302 3555 τοίνοοθθι
332 3500 393 3542 non
417 3479 507 3543 simul
530 3479 640 3544 adsunt
667 3515 707 3528 -·-
736 3481 818 3555 teo,
846 3484 902 3544 τῶν
922 3488 1021 3543 tamen
1041 3486 1181 3544 τεινῶντοι
1203 3480 1301 3544 ἐσθίεν

184 3585 264 3667 prius
288 3587 365 3667 (494
388 3584 427 3666 B)
451 3585 484 3650 cd
507 3590 648 3650 τεινῶντοι
671 3595 717 3648 est
739 3615 771 3640 =
793 3584 912 3663 οθνιοοοθν
926 3585 970 3667 (ι
984 3583 1145 3663 κοικθν),τθ
1155 3585 1254 3649 ἐσθίειν
1268 3618 1315 3675 =>

184 3689 231 3762 ἧίὺ
248 3693 299 3772 (--»
311 3690 448 3774 ayma),
466 3698 496 3754 et
513 3697 676 3774 utrumque
693 3690 783 3754 simul
800 3689 901 3767 adast,
918 3697 1009 3774 atque
1029 3690 1072 3753 sic
1087 3711 1191 3754 omues
1206 3690 1300 3766 ἡθονοιί

184 3801 212 3858 et
232 3787 327 3860 λῦτοιι
350 3795 441 3859 οἰωνοί
464 3795 595 3860 adsunt:
616 3795 698 3860 uude
717 3795 847 3860 efficitur
866 3795 899 3859 τὸ
923 3795 972 3870 ἡδὺ
996 3816 1057 3858 uon
1080 3817 1143 3858 esse
1161 3797 1300 3872 :raya-

183 3898 240 3972 ίθν,
271 3901 306 3965 τὸ
335 3900 446 3978 οίνιοιοὸν
469 3922 530 3965 non
553 3931 586 3958 =
608 3901 641 3966 τί
662 3901 750 3966 κιονίν
772 3938 817 3949 -
840 3902 902 3965 497
929 3899 966 3964 D.
1001 3899 1140 3963 Oallicles
1163 3900 1299 3965 nondum

184 4005 338 4069 convictus
368 4005 584 4086 ίτιοτομίζετοι
617 4005 731 4090 duplici
761 4004 856 4089 λίνω,
881 4027 940 4089 quo
963 4005 1086 4070 omuino
1108 4004 1146 4069 ad
1171 4004 1300 4069 absurda

182 4106 278 4173 delabi
305 4109 481 4174 ostenditur
496 4111 550 4194 qui
572 4110 642 4188 ἡδίω
669 4140 700 4168 =
722 4111 826 4188 ayma
848 4110 1031 4195 judicet-
1053 4113 1117 4173 499
1141 4109 1176 4174 Β.
1220 4109 1300 4176 Sunt

182 4214 273 4298 igitur
295 4215 388 4290 ἡδονοίι
408 4223 438 4280 et
459 4223 552 4282 λῦτοω
568 4217 680 4294 arata
702 4217 747 4299 (ι
759 4217 910 4300 ὠφέλιμοι)
921 4222 952 4279 et
962 4217 1048 4280 κοικοιί
1062 4217 1106 4299 (-
1116 4215 1298 4299 &aestimanda

182 4318 246 4384 illas
276 4321 398 4401 celperico
421 4330 452 4385 et
477 4321 632 4400 τρωκτέον,
659 4343 727 4386 uam
751 4326 806 4385 τῶν
828 4321 946 4398 apaten
966 4319 1051 4386 ἐ’νεκοι
1073 4315 1175 4389 relata
1197 4321 1299 4386 τοθντοο

182 4427 316 4505 τρωκτίον
338 4427 441 4511 (468),
469 4427 570 4511 itaque
592 4427 681 4490 etiam
704 4428 746 4492 rol
769 4426 855 4503 ἡδίω,
879 4449 942 4490 uon
965 4434 1067 4491 contra
1090 4463 1134 4476 --
1158 4429 1231 4492 50⁰.

173 4583 178 4590 .
224 4529 269 4598 ltx
283 4531 341 4596 ais
363 4553 450 4615 nemo
472 4554 535 4597 uon
557 4531 644 4596 facile
666 4533 803 4611 conficit,
827 4531 994 4598 secuudum
1009 4532 1161 4598 Socratem
1176 4532 1296 4613 βιωτέον
