3030 5294
207 311 328 358 xxxam
577 292 977 361 P-ROLSGOMENA.

206 493 349 563 habuisse
376 497 537 564 contendo.
583 495 727 562 Vidimus
761 520 831 565 enm
854 498 886 563 in
910 497 985 583 Sap.
1009 497 1117 564 I-IV
1140 499 1199 565 hoc
1222 493 1336 584 agere,

205 607 241 666 nt
254 603 383 667 maxime
399 603 519 688 propria
535 601 743 688 philosophiae
758 603 929 668 Socraticae
945 611 1102 691 praecepta
1115 606 1221 671 dedita
1237 627 1331 690 opera

205 716 335 795 exponat
358 715 389 773 et
412 709 727 794 argumentationibus
748 708 892 774 defendat
911 717 943 774 et
962 711 1148 798 comprobet.
1168 712 1239 777 lam
1254 712 1330 797 qnid

204 813 268 900 agit
288 814 320 879 in
344 819 496 898 postrema
517 813 631 899 dialogi
654 813 969 899 partel.Elorumdem
992 826 1222 903 praeceptorum
1246 840 1331 903 praa·

203 920 344 987 stantiam
369 940 430 984 non
445 919 695 1005 argumentando,
718 919 770 984 sed
787 927 931 1004 tanquam
948 922 1114 1006 praemium
1133 923 1330 1008 proponendo

202 1046 238 1090 ao
259 1023 433 1113 pollicendo
456 1046 494 1090 aa·
506 1026 623 1091 tenenti
639 1047 785 1091 summam
800 1026 976 1097 felicitatem
992 1028 1082 1093 etiam
1099 1036 1328 1114 postmortem,

201 1128 294 1215 digne
316 1151 351 1194 ac
373 1130 498 1196 mirifice
520 1130 649 1196 extollit.
685 1129 778 1212 Quod
800 1132 913 1198 faciens
937 1132 994 1198 viri
1016 1134 1179 1200 vicentini.
1196 1157 1222 1200 e.
1238 1157 1332 1220 agen·

201 1235 244 1301 tis
263 1241 294 1301 ct
316 1235 444 1302 dicentis
467 1236 635 1302 secundum
656 1246 817 1323 praecepta
840 1260 932 1324 supra
957 1239 1083 1316 tradita,
1107 1240 1161 1324 qui
1180 1237 1280 1325 neque
1297 1241 1329 1305 in

201 1341 264 1407 vite
294 1341 347 1425 (ne
375 1343 416 1408 ccl
446 1341 569 1424 ἔσχοντο
596 1342 718 1427 quidem
748 1343 929 1422 ἀδικούμενος
959 1346 1043 1421 486,
1073 1347 1157 1422 508,
1181 1348 1243 1411 527
1268 1345 1311 1432 D)
1318 1394 1328 1425 ,

202 1467 299 1532 neque
332 1454 404 1533 post
435 1456 562 1513 mortem
595 1448 702 1513 infelix
735 1471 800 1533 esse
831 1450 944 1534 possit,
978 1456 1121 1533 tanquam
1156 1450 1329 1536 exemplum

202 1553 291 1640 ponit
322 1553 425 1639 ipsum
458 1552 634 1631 Socratem,
670 1555 782 1640 quippe
816 1554 874 1620 sihi
908 1555 1064 1619 conscium
1098 1577 1131 1620 se
1163 1555 1230 1622 οὔτε
1264 1556 1328 1639 περὶ

200 1658 368 1743 ἀνθρώπους·
391 1658 458 1725 οὔτε
491 1659 553 1738 περὶ
584 1660 660 1733 θεοὺς
691 1657 787 1726 tum
808 1659 885 1725 οὐδὲν
908 1660 968 1726 οὔτ’
991 1659 1127 1740 εἰρηκέναι
1151 1661 1211 1726 οὔτ’
1232 1661 1352 1742 ἀργοὶ-ι
1442 1661 1453 1665 ’

202 1764 279 1830 sca.
324 1763 382 1828 His
413 1786 450 1829 ex
481 1764 589 1830 ultima
621 1764 735 1850 dialogi
765 1772 850 1850 parte
880 1764 1046 1851 depromtia
1078 1765 1155 1831 adde
1186 1767 1270 1850 quod
1299 1769 1330 1834 ἐν

201 1867 313 1952 παρόδῳ
342 1868 434 1934 habet
464 1867 537 1956 (lep.
563 1869 622 1935 III.
653 1871 671 1957 q
701 1875 729 1936 1.
770 1869 917 1938 Rhetores
948 1871 1029 1936 euim
1052 1872 1221 1937 secundum
1243 1875 1327 1952 484,

200 1975 266 2041 485
289 1981 320 2040 et
342 1977 406 2039 486
425 1975 657 2062 'philosophiam
679 1975 863 2042 Socraticam
885 1975 1130 2042 contemnebant.
1173 1976 1327 2044 Putahant

200 2101 267 2144 em
299 2080 415 2165 ingenii
448 2089 568 2147 tanturn
599 2081 757 2148 exercendi
789 2093 820 2148 et
845 2091 898 2157 τῆς
920 2085 976 2148 τῶν
998 2083 1064 2149 ciac
1086 2084 1220 2156 ποιιδείοις
1243 2083 1328 2150 ἕνεκα

200 2179 400 2264 amatum.
443 2188 560 2252 Auctor
588 2187 683 2273 igitur
713 2188 790 2255 hauc
818 2188 941 2254 insitam
964 2189 1137 2273 opinionem
1161 2210 1198 2253 ex
1220 2210 1326 2256 eorum

200 2289 309 2356 animis
340 2291 443 2357 evellit
473 2293 621 2358 tradendo
653 2302 684 2359 et
711 2292 904 2361 defendendo
927 2293 1059 2359 Socratis
1082 2293 1326 2379 philosophiam,

200 2416 263 2462 nou
296 2403 332 2461 ut
365 2396 557 2484 disciplinam
592 2387 776 2483 qnamdam,
815 2398 853 2463 ed
888 2421 979 2483 quam
1012 2400 1137 2486 puerilis
1177 2407 1259 2464 aetas
1293 2400 1327 2465 in
1422 2391 1432 2402 ⁸

201 2500 314 2567 scholis
335 2502 531 2582 informetur,
556 2504 609 2568 aed
632 2512 668 2568 ut
690 2525 827 2590 normam
849 2503 1028 2588 quamdam,
1051 2504 1089 2570 ad
1113 2526 1204 2589 quam
1227 2506 1327 2592 cujus-

200 2627 260 2692 que
282 2606 414 2673 hominis
438 2609 500 2674 vita
522 2609 563 2674 sit
586 2609 745 2694 dirigenda
767 2615 798 2675 et
821 2609 932 2694 privati
954 2598 985 2673 et
1004 2609 1139 2694 politici,
1155 2610 1188 2675 in
1205 2632 1327 2697 quaque

199 2717 262 2778 tam
282 2711 340 2799 illa
363 2735 455 2798 qnam
478 2725 613 2796 πολιτικῇ
636 2714 759 2796 πράξει,
787 2722 822 2781 ut
846 2736 946 2780 veram
969 2714 1029 2780 sibi
1051 2715 1179 2800 aliisque
1202 2725 1232 2781 et
1256 2712 1329 2781 uni-⁴

201 2839 302 2884 versae
331 2820 448 2885 civitati
479 2820 655 2886 felicitatem
686 2843 721 2885 ae
751 2821 880 2886 salutem
908 2829 1070 2906 comparet.
1113 2821 1228 2886 Verum
1252 2821 1327 2906 qnid

199 2922 309 3010 plural
347 2924 415 2991 Hoc
437 2925 549 3011 dialogi
573 2926 733 2992 consilium
758 2950 822 2991 ease
842 2926 981 2992 videtur:
999 2928 1110 3014 rejecta
1125 2927 1280 2993 rhetorum
1296 2934 1328 2994 et

110 3083 113 3087 ,
200 3030 403 3117 sophistarum
426 3031 587 3116 disciplina
610 3015 793 3097 Socraticam
816 3032 1008 3116 disciplinam
1032 3032 1209 3115 aequalibus
1232 3024 1327 3098 tradit

200 3146 292 3222 atquc
324 3139 447 3223 exponit
481 3136 567 3222 (Gap.
602 3137 724 3223 I—IV)
760 3146 790 3203 et
814 3137 1007 3213 commendat
1031 3137 1118 3223 (Gap.
1142 3137 1326 3226 Ill-VII).

199 3241 293 3326 Quod
315 3245 505 3331 propositum
528 3244 644 3329 optime
668 3245 841 3328 assequitur
863 3251 981 3322 auctor,
1005 3243 1115 3308 alteras
1139 3253 1238 3328 partes
1261 3245 1328 3310 rhe-

200 3347 327 3428 toribus,
344 3349 493 3434 politicis,
512 3349 656 3435 sophistis
669 3349 769 3415 dando
782 3350 933 3414 acerrimis
948 3355 978 3412 et
991 3348 1245 3414 artificiosissimie
1258 3372 1329 3415 con-

199 3453 359 3520 trariorum
375 3454 556 3540 placitorum
573 3453 866 3539 propugnatoribus,
884 3454 954 3538 qui,
971 3455 1108 3537 quamvis
1124 3455 1253 3520 audaces
1268 3455 1328 3521 dis·

200 3567 355 3644 putatores
371 3559 450 3637 siut,
466 3582 485 3624 a
507 3559 629 3626 Socrate
647 3582 703 3624 sua
718 3559 831 3644 placita
847 3559 1020 3624 vindicante
1035 3582 1097 3624 non
1113 3558 1208 3624 dubio
1225 3569 1329 3627 tamen

200 3663 298 3729 Marte
321 3662 533 3730 devincuntur.
558 3663 664 3729 Restat
686 3671 739 3743 ut,
763 3687 801 3729 ne
819 3665 894 3748 quid
906 3656 1051 3729 ⁴omisisse
1067 3666 1179 3742 videm,
1196 3664 1344 3734 breviter

201 3769 299 3836 dicam
322 3769 360 3833 de
384 3791 489 3857 eorum
512 3771 676 3848 sententia,
699 3771 752 3854 qui
770 3770 980 3836 secundarium
997 3770 1149 3855 quoddam
1165 3772 1327 3837 consilium

203 3875 403 3942 Athenienses
425 3875 683 3960 reprehendendi,
707 3875 862 3941 Socratem
877 3885 979 3941 autem
996 3876 1194 3953 defendendi,
1215 3878 1248 3941 in
1270 3877 1328 3942 hoe

200 3981 323 4069 dialogo
341 3981 459 4048 auctori
469 3981 563 4046 fuisse
575 3981 775 4074 contendunt.
801 3982 857 4047 Sat
869 3983 928 4058 ita,
941 3982 1116 4067 manissime
1127 3982 1281 4066 vituperat
1297 3991 1328 4047 et

200 4089 327 4175 castigat
345 4110 396 4153 cos
403 4134 413 4165 ,
437 4086 590 4154 Socratem
607 4096 709 4153 autem
724 4088 875 4153 immerito
888 4111 1005 4183 summa
1018 4087 1129 4174 injuria
1141 4086 1179 4152 ab
1192 4088 1228 4152 iis
1242 4086 1328 4153 affec·
1378 4158 1379 4162 ,

200 4201 265 4259 tum
288 4194 380 4278 digne
403 4192 550 4258 defendit.
584 4193 697 4259 Verum
720 4194 785 4258 noli
807 4195 840 4258 in
863 4194 911 4258 his
935 4193 1149 4260 secundarium
1170 4192 1328 4279 'quoddam

200 4299 360 4365 consilium
395 4299 506 4364 videre.
553 4298 677 4385 Dialogi
705 4300 804 4375 ratio,
836 4299 938 4383 ipsum
962 4299 1027 4384 ejus
1051 4305 1260 4383 argumentum
1284 4298 1329 4364 ita

199 4403 274 4482 fert,
298 4411 335 4468 ut
357 4411 389 4468 et
410 4404 464 4469 illa
485 4405 646 4490 castigatio
670 4412 700 4470 et
722 4402 776 4468 illa
798 4403 935 4468 defensio
960 4426 1021 4488 per·
1035 4427 1067 4468 se
1084 4412 1176 4487 atque
1192 4403 1274 4468 ultro
1290 4426 1328 4469 ex

200 4525 243 4575 eo¹
259 4507 394 4594 prodeat.
