3030 5294
205 315 268 380 144
631 314 912 382 PLATONIS

199 543 266 584 τινα
296 517 404 598 χρόνον.
432 517 539 583 ταθτδν
569 518 602 594 δή
633 543 681 596 μοι
712 518 790 584 δοκεῖ
814 521 893 584 τοῦτ’
915 516 974 597 άρα
996 521 1131 602 καὶπερὶ
1155 521 1209 594 τ’ἐιν
1232 522 1339 601 ψυχὴν

199 621 288 702 είναι,
324 620 345 687 ά
379 624 568 697 Καλλίκλεις·
600 623 705 699 ἑνδκλα
736 623 826 688 πάντ’
856 620 934 689 ἐστίν
965 627 994 690 ἐν
1022 634 1059 706 τῇ
1086 632 1192 708 ψυχῇ,
1218 625 1340 699 ἐπειδάν

199 731 336 810 γυμνωθγῆ
367 735 417 793 τοῦ
447 730 600 807 σώματος,
633 729 673 794 τά
702 755 736 795 τε
767 738 818 804 τῆς
847 729 963 813 φάσεως
988 731 1036 795 καί
1060 734 1100 796 τά
1122 729 1337 810 παθήματαά

199 837 246 901 διά
268 838 321 911 τὴν
343 835 521 910 ἐπιτήδευσιν
545 834 668 901 ἑκάστου
691 836 870 916 πράγματος
897 836 985 917 ἔσχεν
1009 839 1038 901 ἐν
1060 847 1096 918 τῇ
1119 843 1209 918 ψυχῇ
1235 834 1338 919 άνθριο·

197 965 261 1014 πος.
295 940 432 1006 Ἐπειδάν
464 937 509 1006 οὖν
539 941 704 1021 άφίκωνται
734 941 817 1021 παρά
843 942 896 1006 τὸν
922 941 1077 1024 δικαστὴν,
1099 944 1123 1007 οἱ
1146 943 1201 1021 μὲν
1225 943 1259 1006 ἐκ
1283 950 1337 1017 τῆς

198 1047 302 1120 Ἀσίας
333 1047 415 1125 παρά
445 1046 493 1110 τδν
524 1045 742 1124 Ῥαδάμανθυν,
766 1046 779 1109 θ
803 1046 1003 1123 ’Ῥαδάμανθυς
1027 1048 1145 1120 ἐκείνους
1168 1047 1368 1122 ἕπιστήσαςΕ

173 1155 311 1218 θεάται
331 1152 454 1219 ἑκάστου
485 1153 536 1227 τὴν
559 1154 680 1235 ψυχὴν,
703 1155 753 1217 οὐκ
776 1152 853 1224 seeo
876 1149 939 1218 θτον
962 1154 1056 1231 ἐστὶν,
1081 1153 1164 1218 άλλά
1187 1151 1336 1225 πολλάκις

164 1315 171 1321 .
197 1265 247 1323 τοῦ
279 1257 415 1336 μεγάλου
445 1258 588 1334 βασιλέως
613 1257 826 1351 ἐπιλαβόμενος
851 1258 868 1333 ἢ
891 1257 985 1323 άλλου
1008 1259 1120 1324 ὁτουοῦν
1142 1258 1294 1336 βασιλέως
1319 1259 1347 1334 ἦ·

197 1362 335 1429 δυνάστου
359 1364 492 1428 κατεῖδεν
515 1364 590 1429 οὐδὲν
614 1363 702 1442 ὑγιὲς1
717 1362 745 1428 ὂν
768 1369 965 1444 σῆς,ψυχιῑς,
989 1364 1074 1429 άλλά
1092 1365 1335 1442 διαμεμαστιγω·

197 1472 283 1547 μέννρν
314 1469 363 1534 καί
394 1472 481 1535 οὐλῶν
512 1471 632 1546 μεστὴν,
654 1467 704 1534 ὑπ’
735 1470 876 1548 ἐπιορκιῶν
907 1471 956 1533 καὶ
983 1469 1114 1544 άδικίας,
1137 1467 1158 1534 ά
1179 1468 1294 1545 ἑκάστη
1317 1472 1396 1544 ἡ525

196 1573 301 1656 πράξις
334 1576 423 1640 αὐτοῦ
455 1572 636 1654 ἕξωμθρξατο
667 1576 707 1646 είς
734 1577 784 1649 τὴν
805 1576 928 1657 ψυχὴν,
953 1575 1002 1640 καὶ
1026 1574 1128 1639 πάντα
1150 1575 1256 1646 σκολιά
1278 1574 1334 1640 oet

119 1682 122 1691 '
197 1681 319 1760 ψεύδους
343 1681 393 1746 καὶ
417 1680 588 1760 άλαζονείας
613 1680 662 1745 καί
687 1680 761 1749 οὐδὲν
784 1681 848 1746 εὐθὺ
867 1680 915 1746 διά
933 1678 1333 1762 τδάνενάλκθείαςσεθράφ-

196 1789 250 1852 θαι·
283 1786 331 1851 καί
366 1785 414 1852 ὑπ’
446 1785 576 1862 ἐξουσίας
608 1788 657 1850 καὶ
687 1793 799 1866 τρυφῆς
829 1785 879 1850 καὶ
909 1784 1016 1865 ὕβρεως
1038 1786 1087 1852 καί
1109 1787 1255 1867 άκρατίας
1279 1792 1334 1852 τῶν
1370 1815 1376 1828 ·

198 1893 328 1972 πράξεων
363 1893 567 1989 άσυμμιτρίας
601 1919 634 1956 σε
670 1892 718 1955 καί
750 1892 941 1973 αἶσχρθσντος
972 1894 1121 1970 γέμουσαν
1147 1895 1202 1968 τὴν
1228 1895 1333 1974 ψυχὴν
1407 1915 1411 1923 ’

196 1996 282 2065 εἶδεν.
317 1999 378 2064 ίδὼν
412 1999 436 2062 δ’
470 1999 583 2077 άτίμοις
615 1998 726 2072 ταύτην
756 1998 937 2078 άπέπεριψεν
967 2000 1031 2064 εὐθὺ
1062 2007 1114 2074 τῆς
1140 2003 1288 2083 φρουροῖς,
1309 1994 1337 2063 οἷ

195 2106 298 2182 μέλλει
324 2096 448 2170 ἐλθοῦσα
473 2108 635 2180 άνατλῆναι
660 2105 701 2169 τά
723 2105 902 2184 προσήκοντα
924 2104 1012 2180 πάθη.

201 2282 204 2286 Δ
241 2210 381 2277 LXXXL
404 2213 540 2291 Προσάκει
566 2210 594 2275 δέ
618 2209 707 2275 παντὶ
732 2212 772 2290 τῷ
797 2214 826 2276 ἐν
848 2211 970 2294 πιμιορίρι
991 2210 1048 2275 θντι
1067 2211 1116 2274 ὑπ’
1135 2210 1229 2276 άλλου
1250 2212 1363 2292 opocen

227 2441 260 2449 --
276 2412 300 2462 Ε
317 2416 354 2464 τδν
364 2409 530 2476 Ῥαδάμανθυν,
544 2408 729 2475 δῬοιδάμανθνς]
784 2411 903 2460 monibus
917 2411 978 2461 ν’ίίοτ
992 2412 1020 2477 (i.
1027 2427 1047 2462 c.
1059 2414 1109 2470 τούς
1118 2416 1141 2463 ἑκ
1150 2420 1191 2470 τῆς
1200 2409 1288 2472 Ἀσίας)
1297 2411 1332 2461 ai-

195 2479 253 2528 Non
270 2479 387 2537 mirarer,
410 2479 432 2527 si
450 2480 508 2542 quis
525 2479 691 2542 interpretum
708 2479 736 2525 in
785 2476 833 2525 stit
844 2478 1246 2540 etesiaequeanesomtnmoor.
1260 2478 1332 2528 Utri·

193 2544 242 2594 hno
264 2545 374 2594 nominis
397 2544 495 2610 proprii
516 2543 665 2609 repetitione
681 2558 735 2607 gra·
784 2559 834 2607 que
842 2543 908 2592 enim
917 2544 1081 2609 adjudicium
1090 2544 1209 2593 adeuntes
1218 2544 1331 2593 innnam

194 2628 249 2660 vem
273 2610 408 2676 quamdam
431 2627 460 2660 ao
483 2610 618 2659 solemnem
635 2608 736 2659 dicendi
785 2609 939 2673 eandemque
956 2611 1068 2660 triodum
1086 2614 1217 2673 coguntur,
1235 2610 1264 2659 in
1281 2627 1332 2675 qua

140 2695 144 2705 ·
193 2678 316 2727 rationem
333 2677 382 2727 sibi
398 2676 590 2743 deprehendisse
600 2675 734 2725 videretur.
787 2675 884 2725 Aeacus
901 2676 962 2735 hos,
978 2675 1189 2726 Rhadamanthus
1199 2676 1330 2736 illosoon-

194 2743 274 2793 Aliud
282 2743 343 2792 huie
351 2743 432 2792 similo
440 2743 506 2806 finge
514 2742 606 2791 alieubi
615 2741 737 2807 seriptum
787 2742 874 2791 sistere
889 2741 964 2799 faoit,
982 2747 1013 2792 ut
1029 2759 1070 2792 eos
1090 2743 1196 2801 edicet,
1212 2743 1254 2791 uti
1270 2758 1330 2792 oon·

193 2825 232 2859 ex.
251 2826 287 2873 gr.
312 2838 336 2846 -
353 2813 391 2872 τὸν
405 2811 733 2879 Σωκράτην,θΣωκράτης-,
785 2800 872 2857 ficitur
894 2824 923 2858 ex
948 2807 995 2857 524
1019 2809 1051 2858 A.
1115 2807 1263 2865 nferketiam
1281 2811 1328 2858 526

193 2880 224 2925 ut
249 2875 356 2934 senties,
381 2879 451 2940 quod
475 2877 568 2925 iterum
592 2876 659 2924 it'eru
702 2889 735 2924 ne
784 2874 824 2934 Β,
852 2874 896 2923 ubi
925 2890 970 2939 per
994 2875 1061 2925 idem
1086 2890 1224 2940 pronomen
1250 2873 1328 2927 iidem

193 2941 301 3006 legentes
322 2942 359 2991 ita
383 2942 506 3008 seriptum
532 2956 584 2991 non
608 2940 691 3006 impro
709 2955 735 2989 a·
784 2939 959 3004 signifloantnr
986 2944 1006 2992 ot
1034 2947 1058 2992 tx
1082 2950 1123 2999 τῆς
1147 2939 1222 2998 'satas
1247 2947 1328 3008 ἀφικο-

192 3025 262 3064 mus.
285 3009 421 3058 id'tamen
449 3007 561 3074 exempla
586 3005 732 3072 circumspi·
781 3027 852 3072 μινει.
878 3007 926 3057 Sed
948 3006 1006 3057 vide
1027 3023 1091 3072 quae
1106 3008 1139 3056 ad
1156 3009 1225 3057 huno
1243 3008 1327 3057 locum

193 3074 317 3125 cientibus
339 3080 364 3125 et
386 3075 450 3124 serio
469 3073 656 3138 grammaticam
674 3088 732 3122 eon·
781 3074 907 3123 annotavi.
924 3102 954 3110 -
973 3073 1007 3123 In
1023 3073 1046 3122 E
1066 3075 1222 3132 άίκάστσυθι
1241 3076 1327 3142 πρᾶξις

184 3141 333 3191 selentibns
350 3141 601 3208 placerenonposse.
618 3139 645 3189 Si
657 3139 731 3188 Plato
769 3143 850 3191 αὐτοῦ
872 3142 1020 3208 ἑξωριθρξατσ
1043 3142 1141 3188 codices
1163 3141 1260 3189 habent
1281 3147 1327 3190 aut

192 3208 334 3274 scripsisset
360 3208 509 3272 simpliciter
534 3223 572 3257 ex.
598 3221 635 3270 gr.
657 3205 733 3255 haec:
783 3209 867 3263 ἑκάστη
891 3215 905 3265 ἡ
929 3213 973 3256 eut
995 3211 1090 3258 ἑκάστου
1106 3210 1119 3264 ἡ
1136 3210 1181 3255 sut
1195 3209 1287 3274 ἑκάστῳ
1302 3211 1323 3264 ἡ.

192 3271 294 3325 Ἐπειδὰν
315 3274 351 3325 οὖν
373 3279 393 3326 σί
418 3279 441 3326 ἑκ
463 3282 503 3332 τῆς
522 3271 734 3338 ’λσθαςάρθκωνται
783 3273 838 3322 Nos
860 3273 996 3322 scribemus
1019 3273 1102 3331 solum
1127 3275 1212 3331 ἑκάστη
1230 3277 1325 3321 omisso

191 3351 258 3410 παρὰ
274 3347 312 3392 τδν
328 3343 446 3404 δικαστὴν,
466 3347 502 3392 τὸν
518 3340 686 3404 Ῥαδάμανθυν,
699 3337 735 3389 οὗ·
784 3344 813 3400 ἡ,
840 3355 897 3388 cum
922 3344 1010 3388 auctos·
1031 3354 1098 3388 nunc
1120 3338 1196 3388 faciet
1210 3338 1325 3403 judicem

193 3427 230 3465 τος
249 3410 327 3465 αὐτοὺς
344 3412 466 3465 ἐπιστήσας
484 3407 565 3458 θεᾶται
581 3409 677 3456 ἑκάστου
694 3413 733 3463 τὴν
781 3405 955 3471 inspicientem
969 3407 1082 3471 βασιλέως
1097 3405 1325 3457 autemeam-ani·

193 3481 271 3538 ψυχή-ι,
288 3472 733 3533 nihilmihiiniisoti'ensioniesoot.
781 3487 861 3521 mum.
891 3470 932 3520 Ex
953 3487 1006 3520 uno
1028 3474 1111 3528 ἑκάστη
1129 3470 1250 3520 lectiones
1265 3471 1324 3520 illae

192 3539 287 3588 'Verum
314 3539 379 3588 enim
402 3555 461 3589 vero
482 3543 595 3605 superest
619 3541 661 3602 μιν
676 3541 734 3586 anto
781 3541 859 3587 ortae.
878 3536 963 3586 Sinin
980 3536 1322 3606 Οτεθάκάετσιπράγματις,

192 3609 215 3654 ἐκ
234 3613 274 3662 τῆς
291 3603 366 3663 Ἀσίας
383 3610 407 3654 et
423 3608 516 3662 ἐκείνους
526 3609 730 3666 υιιῐθὲπιστήσας,
816 3605 862 3653 525
880 3603 958 3653 B-O
974 3609 1087 3672 Πρόσήκει
1104 3606 1128 3654 δὲ
1144 3609 1256 3656 παντὶ-
1267 3609 1323 3655 θιά-

191 3678 328 3736 utrumque
346 3671 443 3748 pariter
462 3675 585 3721 intactum
602 3685 630 3720 ao
647 3670 732 3733 genui-
781 3691 848 3734 ματα
865 3673 902 3723 καὶ
918 3673 1086 3735 νουθετήματα]
1110 3670 1161 3721 ,En
1177 3671 1278 3728 locum,
1294 3671 1322 3719 in

190 3752 236 3786 nae
265 3737 410 3802 scriptionis
435 3737 583 3800 vestigium,
612 3735 731 3794 Accedit,
780 3752 831 3800 qno
853 3753 937 3787 revera
960 3738 1023 3786 iilud
1046 3753 1061 3785 a
1083 3735 1188 3793 Platone
1205 3735 1322 3792 csosnta
1387 3740 1388 3744 ’

190 3803 260 3869 quod
277 3803 440 3853 describentis
455 3799 731 3853 oculifaoiilimetran·
780 3805 836 3852 tum
865 3806 891 3855 τδ
920 3807 960 3854 τοῦ
981 3800 1144 3870 Ἀναξαγόρου,
1167 3804 1225 3868 ὁμοῦ
1246 3807 1323 3855 πάντα

191 3870 282 3919 siliunt
296 3885 369 3920 voces
385 3870 452 3920 inter
466 3869 569 3920 nomina
597 3868 682 3933 ropria
692 3868 731 3916 in·
780 3876 903 3937 χρήματσι,
935 3869 1028 3918 Omnia
1051 3875 1097 3919 ἄνω
1118 3875 1181 3926 κάτω
1201 3887 1323 3936 arrapen-

191 3936 326 4003 terpositas
342 3935 488 4002 praesertim
505 3935 569 3985 ubii
588 3950 626 3984 em
639 3950 730 3984 noman
779 3944 848 4001 μονα.
884 3934 1044 3985 Nitidissime
1073 3935 1142 3984 dioto
1172 3951 1187 3983 a
1214 3936 1323 3985 Platone

189 4003 324 4068 repetitura
351 4001 424 4063 Quae
446 4018 504 4052 enm
526 4002 563 4051 ite
579 4001 646 4060 sint,
661 4001 732 4050 inter
780 4001 875 4050 scribae
891 4016 973 4050 masos
990 4000 1106 4050 Minerva
1121 4003 1217 4050 retexta
1233 4000 1277 4051 hio
1290 4001 1321 4050 il·

190 4074 327 4135 utrumque
340 4068 576 4136 nomenproprium
588 4067 731 4133 recipienda
779 4067 813 4116 lio
836 4068 1042 4133 interposuerunt
1067 4066 1162 4116 nullam
1188 4071 1321 4117 oonsemo
1359 4102 1361 4107 -

189 4151 253 4200 quae
269 4136 377 4186 servavit
388 4136 521 4192 oodex‚ex
533 4150 583 4200 quo
595 4149 646 4183 uno
656 4132 730 4202 plura
780 4132 856 4183 tionis
881 4133 1003 4184 rationem
1028 4133 1154 4188 habentes.
1186 4133 1321 4184 Platonem

190 4201 247 4251 aliis
269 4200 332 4252 locis
354 4203 383 4252 in
404 4202 526 4252 editiones
540 4205 646 4267 ‘recepta
662 4204 729 4249 sunt.
778 4200 845 4251 enim
862 4200 1032 4249 omniaessio
1043 4199 1172 4264 scripsisse
1180 4201 1321 4250 contendo:

190 4269 276 4333 Atque
305 4274 375 4318 totus
405 4269 475 4318 loeus
504 4269 544 4317 sio*
567 4266 728 4316 scribendus:
778 4273 892 4336 Προσήιιι
910 4267 934 4318 δὲ
950 4270 1017 4318 παντὶ
1033 4275 1066 4332 τῷ
1082 4271 1106 4316 to
1121 4268 1225 4334 τιμωρίᾳ
1243 4267 1322 4324 inid

189 4332 292 4386 Ἐπειδὰν
306 4335 341 4386 οὖν
352 4337 474 4402 ἀφίκωνται
486 4339 551 4404 παρὰ
562 4338 599 4387 τδν
610 4335 728 4396 δικαστὴν,
778 4337 890 4385 ὀνίνασθαι
901 4338 915 4391 ἡ
926 4334 1099 4401 παραδείγματι
1111 4335 1186 4388 ἄλλοις
1195 4337 1322 4396 γίγνεσθαι.

189 4404 209 4452 oi
226 4406 268 4466 μὲν
285 4408 308 4452 ἑκ
325 4412 365 4462 τῆς
381 4400 455 4460 'totae
472 4409 537 4471 παρά
553 4394 731 4464 τδνῬαδσίμαν-
780 4404 823 4451 είσί
846 4399 865 4448 δ’
888 4404 909 4450 σί
932 4403 975 4463 μὲν
995 4400 1137 4465 ὠφελούμενοι
1155 4401 1176 4447 oi
1191 4404 1220 4448 ἂν
1235 4404 1323 4464 ίάσιμσι

189 4473 240 4530 θον,
259 4473 279 4518 ot
298 4467 315 4517 δ’
333 4475 356 4518 ἐκ
372 4479 413 4527 τῆς
430 4473 536 4538 Εὐρώπης
553 4466 731 4536 παράτδιλία·
781 4470 945 4535 ἁμαρτήματα
962 4469 1113 4533 «άμάρπωσιν
1139 4466 1160 4514 oi
1188 4462 1208 4513 δ’
1236 4471 1265 4516 άν
1291 4471 1323 4517 τὰ

188 4539 240 4598 κδν,
268 4537 280 4585 ὁ
305 4532 462 4600 Ῥαδάμανθυς
490 4540 581 4592 ἐκείνους
609 4540 733 4591 ἐπιστήσας
781 4537 871 4597 ἔσχατα
893 4532 1016 4589 ἀδικήσωσι
1043 4534 1081 4581 καί
1105 4531 1142 4581 διὰ
1167 4535 1198 4580 τά
1223 4541 1324 4584 τοιαῦτα

188 4603 270 4651 θτάται
278 4603 373 4654 ἑκάστου
382 4609 421 4663 τὴν
430 4608 508 4668 ψυχήν.
517 4602 535 4650 i.
544 4616 565 4651 e.
580 4628 612 4637 —
625 4599 732 4649 Etodo-
781 4602 949 4666 ἁμαρτήματα·
960 4601 1048 4655 ἀνίατοι
1062 4601 1181 4660 γένωνται,
1199 4601 1226 4647 ἐκ
1235 4601 1325 4650 πάντων
