3030 5294
631 319 886 386 GORGIAS.
1219 313 1324 379 =145

204 528 401 609 τιμωρουμένῳ
431 526 448 602 θ
478 525 603 604 βελτίονι
635 525 786 602 γίγνεσθαι
816 520 866 586 καλ
896 522 1035 601 ὀνίνασθαι
1064 519 1081 596 θ
1105 518 1325 599 παραδείγματι

207 628 288 707 [τοῖς1
321 631 421 704 ἄλλοις
452 631 620 709 γίγνεσθαι,
651 627 683 694 ἵν’
713 626 798 693 ἄλλοι
820 629 933 708 ὁρῶντες
956 623 1097 712 πάσχονθ
1119 623 1140 690 ὀι
1163 623 1198 689 θον
1221 617 1339 703 raiaza

205 799 236 867 τὰ
254 815 437 883 παραδείγματα
452 816 559 876 γίγνεται·
576 816 613 863 καὶ
630 809 690 862 οὗτοι
708 813 746 861 αὖ·
795 808 938 868 videamus,
961 808 1018 858 luce
1039 807 1130 858 chrias
1147 811 1265 874 apparet,
1280 807 1336 874 opi·
1413 840 1428 875 ι,
1497 832 1500 839 .

206 886 241 931 τοί
264 885 306 942 μίν
325 881 397 931 οὐκέτι
415 882 524 930 ὀνίνανται
541 879 615 940 οὐδὲν,
635 875 672 928 ἅτ’
688 879 748 926 ὀνία-
798 890 856 932 nor,
874 874 979 924 sciolum
1000 874 1148 924 scribentem
1165 877 1336 942 ἣβελτίονιρί·

206 966 242 998 τοι
266 948 338 1005 ὀντες.
360 949 424 995 άλλοι
445 943 464 994 δ’
472 949 601 1008 ὀνίνανται,
620 947 642 994 οἱ
657 945 748 998 τούτους
795 945 886 1006 ρνεσθαι
895 946 932 992 καί
942 943 1053 994 ὀνίνασθαι
1060 939 1174 990 fraudem
1184 941 1338 990 commisisse

133 1056 135 1060 ,
185 1015 300 1079 ,ὁρῶντες
317 1013 354 1061 διὰ
370 1017 412 1066 τάς
428 1013 547 1078 ἁμαρτίας
558 1015 588 1060 τά
599 1017 699 1074 μέγιστοι
711 1013 748 1058 καί
796 1022 876 1072 neque
892 1007 974 1056 hilum
991 1007 1093 1071 quidem
1107 1008 1246 1072 percepisse
1257 1005 1336 1056 subti-

207 1081 361 1146 ὀόυοαρότατα
383 1079 420 1126 καί
443 1081 596 1143 φοβερώτατα
621 1078 684 1131 πάθη
700 1080 747 1123 τά·
796 1073 876 1122 litatis
897 1073 1037 1122 disserendi
1059 1076 1085 1122 et
1107 1072 1207 1122 dicendi
1226 1071 1338 1122 Platoni·

208 1165 304 1210 σχοκιοις
329 1147 367 1194 τόν
387 1146 423 1192 aid
444 1149 537 1210 χρόνον,
554 1148 655 1206 ἀτεχνῶς
670 1150 747 1206 παροι-
796 1155 845 1189 oue.
876 1138 950 1199 Certo
977 1138 1055 1202 igitur
1082 1139 1174 1190 certius
1200 1138 1339 1203 abjicienda
1403 1137 1405 1143 ’

209 1211 324 1274 ὀείγμειτοε
346 1213 510 1275 ἀνηρτημένας
531 1210 577 1256 asi
599 1211 620 1255 ίν
637 1203 748 1256 'uadosis
791 1203 839 1253 illa
855 1206 953 1270 βελτίονι
965 1206 1077 1268 γίγνεσθαι
1092 1210 1141 1256 καίι
1155 1208 1231 1268 atque
1244 1203 1339 1253 histri-

209 1286 243 1326 τῶ
258 1276 419 1340 δεσμωτηρίω,
432 1281 479 1329 τοῖς
491 1275 528 1322 ἀεί
538 1284 583 1322 τῶν
593 1273 672 1322 άόίκων
682 1277 747 1337 άρικ·
796 1271 843 1324 bus
859 1272 942 1319 verbis
958 1271 1061 1336 abjectis
1078 1286 1128 1319 non
1145 1270 1253 1335 amplius
1267 1283 1339 1318 aures

199 1325 751 1469 distinctissime„
797 1335 997 1468 ιίθνίθι
1013 1397 1342 1467 ranan

207 1476 235 1536 at
252 1471 386 1522 luculenta.
404 1469 488 1531 Quam
504 1469 594 1518 vellem
610 1469 751 1518 saitasine
774 1481 778 1491 ·
799 1471 867 1520 άλλου
893 1473 964 1538 ὀρθῶς
994 1477 1156 1537 τιμωρουμένῳ
1182 1467 1340 1533 exploremus
1372 1477 1376 1486 “

211 1537 264 1588 ullo
287 1536 463 1586 commentario
480 1534 584 1594 tradere.
610 1533 706 1584 Verum
722 1534 750 1582 in
800 1549 858 1583 eum
874 1535 916 1583 his
932 1535 1013 1584 verbis
1030 1537 1201 1600 comparantes
1211 1548 1341 1597 argumen-

211 1604 318 1667 gratiam
339 1617 440 1661 aeruna,
462 1601 508 1664 qui
532 1604 560 1650 in
578 1600 684 1650 Platone
700 1614 752 1649 non
800 1599 921 1659 tationes,
938 1600 1005 1650 unde
1021 1615 1050 1649 aa
1065 1600 1145 1666 pstita
1161 1604 1229 1649 sunt.
1255 1599 1362 1664 Breui-¹

212 1669 320 1721 volutati
342 1672 416 1726 sunt,
439 1667 471 1715 de
487 1665 594 1730 singulis
610 1665 752 1716 dicendum.
800 1667 861 1715 tatis
884 1666 963 1730 igitur
986 1681 1060 1715 eausa
1075 1665 1194 1731 inspicias
1212 1663 1259 1716 476
1276 1664 1301 1713 E
1317 1669 1343 1714 et

212 1735 275 1785 Post
298 1741 332 1802 τῷ
348 1739 370 1785 ίν
385 1735 487 1802 τιμωρίᾳ
504 1733 550 1794 θντι
566 1731 754 1797 adscripserunt
802 1731 849 1788 478
873 1731 910 1789 A,
933 1732 978 1781 ubi
1000 1731 1118 1794 leguntur
1137 1731 1192 1796 ipsa
1208 1731 1253 1780 issa
1269 1731 1343 1779 verba

212 1801 287 1852 verba
309 1800 347 1854 ὑπ’
365 1803 433 1851 άλλου
449 1803 520 1866 ὀρθῶς
535 1806 711 1867 τιμωρουμένῳ,
729 1801 754 1847 et
801 1799 845 1848 ὑπό
867 1802 997 1859 κολάζοντος
1017 1799 1061 1862 (=
1084 1797 1246 1864 τιμωροῦντος)
1262 1799 1287 1844 et
1303 1801 1343 1864 ὀρ·
1381 1796 1384 1801 ’

203 1867 336 1925 interiet
347 1870 457 1917 ὀνίνασθαι
468 1866 534 1913 inter
553 1863 755 1913 osueruntverba
805 1869 845 1920 θως
867 1869 982 1927 κολάζων,
1004 1879 1050 1913 suo
1072 1863 1128 1913 ioco
1148 1864 1232 1913 omnia
1248 1862 1344 1926 optime

214 1935 311 2001 βελτίονι
326 1936 437 1997 γίγνεσθαι
452 1934 498 1983 καί.
560 1927 756 1994 εἶπ’-τιμον-
804 1944 831 1978 so
851 1929 984 1988 habentia,
1007 1929 1051 1979 sed
1073 1930 1165 1994 quibus
1187 1928 1344 1994 ineptissime

213 2007 315 2069 ροομένῳ
330 2013 375 2047 cur
391 1996 581 2062 adscripserint,
594 2002 716 2046 causaest
727 1996 755 2044 in
803 2010 865 2044 usus
887 2000 925 2046 est
947 1995 1040 2044 sciolus
1057 1996 1166 2044 scribens
1182 1993 1220 2046 ὑπ’
1235 1995 1304 2045 ἄλλον
1319 1997 1345 2042 ot

214 2069 325 2131 promtu.
355 2062 448 2112 Rarius
472 2065 606 2126 usurpata,
628 2060 711 2125 qualia
736 2066 761 2112 έν
803 2061 932 2126 passivum
957 2069 1118 2131 τιμωρουμένῳ
1145 2077 1203 2110 cum
1228 2059 1345 2121 advemio

215 2131 397 2198 τιμωρίᾳείναι,
411 2129 535 2197 ένδιειβόλῃ
544 2128 613 2188 εἶναι,
623 2132 645 2178 έν
652 2131 756 2191 αίτίᾳ-
805 2131 884 2194 ὀρθῶς.
901 2128 967 2177 Nam
976 2127 1028 2186 fac,
1040 2127 1137 2192 aliquid
1146 2125 1293 2191 hujusmodi
1302 2125 1345 2173 ad-

216 2199 351 2261 ένόεσμοῑς
372 2200 421 2245 ato.
440 2194 497 2246 εἶναι
518 2209 564 2258 pro
580 2194 686 2258 passivis
702 2208 756 2242 ver·
805 2194 889 2242 ditum
905 2186 1025 2255 flagitari,
1041 2193 1069 2242 id
1082 2192 1346 2242 siesaltemsehabere
1449 2188 1453 2195 ’

215 2263 306 2312 borum
321 2268 444 2328 τιμωρεῖν,
458 2262 601 2326 διαβάλλειν,
613 2262 660 2308 ete.
679 2257 756 2319 Quod
804 2259 918 2308 deberett
934 2267 1047 2341 Προσήκει
1064 2260 1088 2309 δὲ
1104 2261 1172 2310 παντὶ
1188 2268 1221 2324 τῷ
1238 2263 1260 2308 b
1271 2278 1345 2322 τιμον.-

216 2329 334 2392 ignorans
350 2328 431 2376 scribo
442 2327 542 2376 addidit
552 2325 626 2375 verbu
637 2323 689 2373 illu.
707 2323 757 2374 Sed
804 2327 845 2392 ρθᾳ
862 2325 907 2377 tm
922 2327 953 2376 brt
976 2329 1047 2389 ὀρθῶς
1063 2330 1227 2391 τιμωροῦντος,
1245 2323 1285 2373 vel
1301 2336 1345 2387 po-

178 2423 184 2453 ς
216 2410 293 2458 quam
310 2393 425 2507 ineptum
441 2396 567 2455 praeterea
582 2390 648 2440 illud
663 2389 701 2441 ὑπ’
714 2393 756 2440 άλ·
805 2392 857 2439 tius
874 2391 1019 2442 brevissime
1035 2392 1084 2439 sic:
1104 2399 1217 2459 Προτήκει
1237 2390 1262 2439 ὀί
1277 2392 1346 2440 παντί
1418 2399 1421 2404 ’

217 2463 270 2523 λον,
295 2459 348 2507 istu
389 2461 471 2527 ὀρθῶςλ
493 2473 525 2507 ne
547 2457 610 2521 quid
627 2457 707 2505 dicum
725 2457 757 2505 de
804 2465 839 2523 τῷ
863 2457 952 2514 δικαίως
974 2464 1143 2526 τιμωρουμένῳ.
1177 2454 1250 2514 Quae
1268 2454 1347 2504 bonae

209 2529 322 2592 ,βελτίονι
337 2528 449 2588 γίγνεσθαι
469 2547 503 2561 -—
522 2524 698 2591 παραδείγματι
718 2525 757 2587 γί-
779 2570 781 2574 ,
805 2523 906 2573 demum
937 2528 1020 2572 essent
1051 2520 1245 2571 enunciationes.
1280 2520 1347 2570 Nus·

217 2597 316 2655 γνισθαι.
348 2591 444 2655 Operae
468 2589 578 2655 pretium
601 2596 641 2639 est
665 2590 757 2637 horum
804 2604 880 2653 quam
908 2589 975 2638 enirn
1001 2588 1110 2646 invenies
1139 2591 1209 2655 ὀρθῶς
1234 2590 1346 2653 τιμωροῦ-

217 2656 332 2706 omnium
347 2656 468 2719 originem
483 2655 608 2718 indagare.
629 2653 756 2704 Nimirum
804 2673 863 2719 μαι,
891 2659 960 2723 ὀρθῶς
982 2655 1041 2712 δίκην
1066 2655 1161 2718 δίδωμι,
1187 2657 1257 2721 ὀρθῶς
1283 2654 1346 2702 κολά-

217 2726 302 2772 totum
318 2721 366 2771 hoc
379 2722 577 2771 additamentum
588 2719 758 2784 arnaginen-
807 2729 892 2784 ςομαι,
917 2720 961 2770 sed
983 2720 1077 2784 ubique
1100 2724 1169 2788 ὀρθῶς
1191 2734 1250 2768 cum
1266 2717 1348 2778 activo

219 2786 758 2851 tumargumeatationisquaalegituriit-
805 2796 914 2854 τιμωρῶ,
941 2789 1039 2850 κολάζω,
1065 2800 1122 2834 cum
1144 2785 1244 2851 passivo
1264 2788 1348 2832 autam

219 2855 276 2904 478.
303 2853 351 2902 Est
373 2853 595 2917 argumentationis
618 2851 758 2902 Socraticae
806 2867 892 2901 eorum
916 2854 1011 2909 δικαίως,
1036 2852 1073 2900 At
1088 2859 1146 2900 vero
1162 2864 1266 2916 prorsus
1282 2848 1348 2898 nihii

211 2919 398 2983 ⁴fragmentum,
416 2919 487 2975 dioc,
503 2918 580 2982 idque
595 2918 664 2968 omni
676 2918 758 2967 nitore
806 2917 898 2967 horum
920 2918 1055 2981 flagitatur.
1084 2916 1175 2981 Itaque
1195 2930 1281 2965 omnes
1302 2916 1350 2964 hae

218 2985 351 3036 Platonico
366 3001 464 3043 eureus,
483 2985 556 3049 cujus
572 2989 659 3033 auctor
674 2998 706 3032 ne
719 2984 757 3034 in·
808 2984 894 3032 sordes
909 2984 1035 3032 eluendae.

219 3051 316 3101 tellexit
340 3051 443 3115 quidem
466 3050 547 3115 ipsam
569 3049 760 3112 argumentatio·
840 3049 874 3097 In
882 3049 1005 3114 proximis
1013 3053 1070 3096 ante
1083 3050 1349 3112 άλλοιςγίρνεσθαιηοκ-

220 3131 286 3167 nam.
311 3116 350 3165 De
365 3117 457 3180 quibus
468 3131 614 3181 persuasum
628 3119 657 3164 ut
668 3114 716 3163 tibi
728 3115 762 3164 sit
808 3114 874 3164 nulli
890 3120 1030 3181 ἀπσρραριῑς
1043 3115 1097 3178 jam
1111 3120 1178 3162 recte
1188 3115 1238 3170 τοὺς
1248 3127 1300 3161 non
1310 3111 1349 3160 in-

221 3183 287 3246 lagas
297 3181 343 3232 stt
353 3181 384 3240 E,
395 3182 439 3231 ubi
448 3181 499 3232 fere
507 3181 591 3231 eadem
598 3181 673 3229 rerba
681 3180 761 3230 obvia.
810 3185 948 3234 seruerunt.
965 3183 1044 3228 Porro
1052 3183 1110 3244 post
1119 3181 1194 3235 ἄλλοις
1201 3180 1315 3242 γίγνεσθαι
1322 3178 1350 3226 in

219 3248 311 3298 Paucis
323 3246 413 3297 referre
421 3247 529 3296 conabor
539 3247 652 3312 quodibi
662 3245 761 3309 legitur.
811 3246 928 3296 omnibus
945 3246 1072 3295 codicibus
1089 3249 1114 3294 et
1124 3245 1278 3294 editionibus
1289 3244 1350 3292 haec

222 3315 336 3363 Socrmes
360 3313 576 3363 demonstraturus
598 3317 636 3365 τὸν
652 3313 712 3369 δίκην
728 3313 764 3363 δι-
812 3312 941 3375 leguntur:
964 3309 992 3362 b*
1011 3314 1074 3362 άλλοι
1090 3313 1183 3378 δρῶντες
1199 3316 1317 3375 πάσχοντα
1333 3314 1350 3358 ά

222 3382 288 3431 esna
304 3382 390 3445 βελτίω
399 3383 510 3444 γίγνεσθαι
522 3383 601 3436 κακίας
612 3379 655 3444 (τ
664 3380 764 3445 ἀδικίας)
813 3384 841 3428 άν
863 3384 942 3447 πάσχῃ
959 3380 1092 3445 ροβοὺμενοι
1107 3380 1210 3443 βελτίους
1225 3382 1349 3451 γίγνωνται.

220 3449 435 3509 ἀπαλλαττόμενα,
455 3446 514 3495 inda
534 3446 566 3494 ab
588 3445 611 3494 E
633 3446 670 3494 ita
692 3460 763 3508 argu·
813 3444 886 3504 Quae
896 3448 994 3494 utinam
1004 3443 1044 3493 vel
1055 3459 1121 3492 unua
1136 3442 1274 3490 scribarum
1287 3457 1351 3490 onu-
1448 3480 1450 3485 ,

127 3570 129 3574 λ
221 3517 361 3561 mentatur:
374 3515 386 3560 ὀ
400 3513 460 3568 δίκην
471 3512 542 3567 tricis
552 3509 589 3562 ὑπ’
600 3515 669 3580 ὀρθῶς
678 3509 722 3573 (=
732 3512 765 3561 δί-
813 3511 894 3570 sisset.
910 3511 1093 3573 Numusquam
1101 3507 1243 3556 horridiora
1251 3506 1350 3570 legisti?

223 3577 301 3641 καίως)
317 3579 446 3639 κολάζοντος
455 3580 570 3629 bisara:
580 3581 678 3628 καλά-τ
689 3581 766 3641 dyadis
814 3576 865 3625 Illa
881 3580 897 3626 ά
914 3583 941 3628 άν
956 3581 1038 3640 πάσχα
1054 3590 1100 3624 neu
1115 3589 1168 3622 non
1184 3572 1251 3637 iliud
1270 3571 1351 3639 ροβοῦ-
1412 3566 1416 3581 ’

221 3650 321 3708 πάσχειε
350 3648 362 3692 ὀ
384 3648 461 3704 άγαθά
482 3650 577 3707 πάσχων
599 3646 729 3708 ῶρελεῖτοιιι
754 3647 766 3693 ὀ
813 3663 877 3708 μενοι
903 3658 979 3706 quem
1006 3638 1187 3697 intolerabilia!
1218 3639 1352 3700 Quantum

223 3711 371 3773 ὠφελούμενος
383 3709 448 3759 hano
459 3712 565 3774 ὠφέλειαν
582 3714 587 3730 ’
606 3713 703 3772 είιιται,
712 3713 765 3776 ρελ-
814 3711 918 3758 interest
934 3709 1001 3758 inter
1017 3706 1077 3756 haec
1092 3711 1120 3757 ,et
1129 3705 1215 3755 eadem
1227 3705 1270 3754 sed
1281 3705 1352 3754 lucu-

223 3781 278 3826 τίων
293 3784 332 3832 τὴν
349 3781 421 3840 ψυχὴν
436 3778 546 3838 γίγνεται
600 3774 766 3826 ndeefficitnr
814 3775 953 3826 lentissime
969 3770 1352 3839 scriptaaPlatoneinthas·

223 3839 286 3889 hoo:
305 3843 317 3890 ὀ
333 3841 393 3897 δίκην
409 3842 479 3898 tatur
495 3842 613 3906 ὠρελεθταε
629 3841 681 3888 sive
697 3843 765 3892 ὀνθνα·
814 3861 852 3897 τες
872 3868 906 3880 -
926 3846 957 3892 τὰ
978 3847 1078 3905 μέγιστοι
1093 3866 1126 3877 -
1147 3842 1184 3889 καλ
1200 3845 1354 3905 φοβερώτατοι
1389 3886 1391 3892 ,

225 3925 265 3958 ται
289 3920 393 3971 prorsus
416 3927 448 3950 =
471 3910 483 3956 ὀ
507 3909 566 3963 δίκην
587 3907 657 3963 διδοὺς
672 3911 768 3971 βελτίων
814 3913 876 3964 πάθη
900 3914 1030 3972 πάσχοντας
1054 3932 1087 3943 -
1110 3911 1273 3967 νουθετήματα.
1304 3902 1354 3950 Est

223 3974 334 4035 γίγνεται,
351 3971 429 4032 Quod
445 3972 507 4021 bene
523 3977 634 4020 tenentes
643 4007 650 4031 ‚
661 3973 766 4020 ubicun·
814 3977 973 4037 praepostera
994 3978 1019 4022 et
1040 3971 1208 4020 insulsissima
1224 3967 1353 4017 annotatio

224 4051 274 4100 que
295 4037 402 4101 Gorgiae
427 4037 517 4087 deinde
532 4036 637 4098 legimus
654 4038 715 4096 δίκην
732 4039 767 4088 δι·
815 4038 887 4087 scioli
908 4054 937 4088 ax
962 4038 1062 4086 ultimis
1084 4036 1117 4085 iis
1138 4036 1166 4085 in
1191 4033 1211 4083 (λ
1234 4033 1353 4084 coniecta

226 4104 292 4155 δοντα
308 4106 441 4173 ιίρελεῑσθαι
458 4104 509 4154 sive
526 4107 651 4165 ὀνίνασθαι,
673 4105 700 4152 id
716 4105 766 4168 sig·
816 4103 895 4164 Quod
917 4108 946 4152 ut
968 4103 1015 4152 tibi
1031 4102 1104 4167 quasi
1120 4101 1200 4165 digito
1217 4104 1355 4150 monstrare

158 4188 160 4192 ·
226 4170 328 4220 nificare
343 4171 458 4220 videmus
482 4172 541 4227 δίκην
558 4171 646 4220 διόὀντα
662 4172 770 4246 βελτίονα
816 4170 924 4235 possim,
942 4170 1055 4219 ordinem
1068 4168 1147 4217 totius
1158 4167 1208 4216 loci
1217 4167 1354 4232 explicabo.

227 4236 346 4298 γίννισθαε.
381 4236 429 4285 Ex.
453 4251 491 4298 gr.
513 4237 541 4284 in
560 4236 682 4300 proxima
702 4235 730 4284 in
745 4235 769 4284 B
812 4235 865 4285 uss
881 4235 903 4284 is
920 4234 1075 4300 hujusmodi.
1096 4234 1212 4282 Primum
1223 4233 1287 4282 dicit
1297 4247 1354 4281 aua-

228 4304 293 4351 αὐτοὶ
309 4308 351 4366 μίν
367 4305 440 4353 οὐκέτι
456 4305 608 4353 ὀνίνανται-
624 4304 687 4351 sua
699 4299 771 4352 θ’ὀνί-
818 4306 858 4351 tor
874 4302 901 4350 in
917 4301 1061 4350 universum
1076 4300 1168 4365 duplex
1176 4314 1254 4362 genus
1262 4298 1355 4348 essead

228 4387 312 4418 νανται.
329 4370 347 4416 i.
364 4383 386 4417 e.
403 4374 539 4434 utrumque
555 4388 587 4412 =
604 4371 707 4433 βελτίους
718 4371 770 4431 γίρ·
817 4367 912 4416 Orcum
924 4367 1096 4423 demissorum,
1105 4366 1195 4414 alteros
1203 4365 1248 4429 qui
1257 4364 1354 4413 utilita-

227 4452 307 4497 νονται.
331 4432 410 4492 Quod
420 4434 525 4484 hie'non
535 4433 698 4498 adscripsisse
707 4434 770 4482 scio·
816 4437 868 4482 te'm
892 4432 1034 4498 percipiant
1058 4433 1076 4480 i.
1098 4441 1120 4480 e·
1143 4430 1257 4480 meliores
1278 4430 1355 4488 flant,

227 4497 265 4546 los
282 4499 342 4549 satis
359 4499 446 4549 mirari
461 4516 513 4549 non
525 4515 637 4566 possum.
656 4498 771 4558 canat
817 4498 909 4548 alteros
926 4500 971 4562 qui
986 4497 1100 4562 exemplo
1116 4496 1168 4546 sint
1184 4496 1239 4545 aliis
1250 4498 1356 4567 (Προσκ-

228 4563 259 4613 ιίε
282 4564 372 4614 nltima
388 4565 553 4615 additamenti
569 4569 641 4631 parte
657 4565 769 4630 primum
818 4584 852 4616 κει
868 4593 900 4603 -
917 4569 992 4622 ἄλλοις
1007 4562 1138 4629 γίγνεσθαι).
1168 4562 1282 4613 Secundo
1298 4563 1355 4628 qui·

1163 4648 1196 4716 19,
